1997 3680
318 587 635 652 ERRATA
685 558 1100 667 QUAEDAM
1143 568 1703 653 EMENDANDA2

767 784 843 838 [N
889 785 1130 843 PARTE
1167 786 1224 840 1:

127 916 251 986 Pug.
291 917 396 973 745
442 911 587 967 linea
624 922 657 972 8
693 913 762 966 31)
800 875 1029 980 ἰιιίίιῐιει,
1053 912 1360 966 addendum
1397 922 1505 968 est:
1548 919 1667 974 121.

751 1085 833 1144 IN
885 1092 1126 1146 PARTE
1179 1092 1235 1145 II
1254 1114 1268 1145 :

125 1210 249 1278 Pag.
285 1216 370 1272 67,
404 1203 549 1257 linea
576 1210 660 1270 14,
691 1204 925 1258 delenda
945 1214 1072 1258 sunt
1093 1205 1282 1259 verba:
1315 1207 1397 1258 M.
1430 1210 1758 1260 variatorem
1777 1226 1892 1266 seu.

122 1295 248 1364 Pag.
286 1299 392 1363 397
424 1290 547 1366 'lege
586 1292 915 1361 Xoridarum
950 1308 1055 1363 pro
1095 1292 1377 1344 Xorz'dum.

122 1380 248 1448 Pag.
285 1379 416 1441 437,
455 1373 602 1428 linea
638 1385 673 1435 3
710 1375 778 1428 31)
817 1373 1030 1440 infima,
1069 1372 1190 1446 lege
1225 1378 1403 1427 nitens
1436 1392 1542 1448 pro
1579 1381 1803 1431 nitidus,

121 1463 247 1534 Pag.
286 1466 410 1528 439,
442 1458 588 1513 linea
618 1471 651 1526 6
685 1460 751 1513 ab
775 1459 977 1527 infima,
1018 1460 1139 1533 lege
1167 1463 1537 1519 viduatorium
1566 1479 1671 1535 pro
1699 1464 1893 1515 vidua-

465 1559 650 1599 torem.

119 1647 246 1714 pag,
284 1645 414 1705 565,
455 1636 602 1690 linea
641 1641 732 1702 14,
771 1654 876 1709 pro
924 1640 963 1697 3
1000 1633 1295 1709 legendum
1333 1645 1414 1690 est
1451 1637 1513 1698 4,

118 1735 244 1801 pag,
284 1741 415 1799 783,
461 1729 622 1782 lineis
670 1735 704 1789 4
752 1738 808 1782 et
853 1737 912 1794 8,
962 1746 1067 1801 pro
1123 1729 1493 1797 Trachynotos
1538 1740 1592 1784 et
1648 1735 1891 1805 Trachy·

453 1819 594 1869 notis
630 1814 751 1887 lege
788 1816 1079 1866 Porizones
1117 1821 1171 1865 et
1208 1815 1578 1868 Perizonibzw.

118 1905 242 1976 Pag.
283 1913 411 1968 801,
451 1900 597 1953 linea
625 1909 660 1958 7
697 1899 763 1951 ab
797 1897 1013 1963 infima,
1053 1895 1175 1969 lege
1207 1900 1463 1967 chionops.
1486 1917 1590 1971 pro
1624 1905 1890 1972 echinops⁸

119 1992 247 2062 Pag.
284 1996 415 2054 930,
455 1985 603 2039 linea
640 1983 975 2066 2‚⁴delenda
1012 1992 1141 2037 sunt
1179 1982 1367 2038 verba:
1406 1988 1597 2054 quales
1632 2016 1702 2026 —-
1738 1991 1885 2042 simi-

455 2075 658 2140 lesque.
1268 2121 1270 2123 ,
1663 2117 1669 2119 γ,

119 2161 244 2233 Pag.
283 2168 415 2224 980,
455 2154 603 2209 linea
639 2165 697 2222 6,
737 2151 1023 2208 deleantur
1057 2143 1248 2207 verba:
1286 2173 1336 2210 v.
1371 2173 1415 2208 c.
1444 2156 1530 2210 Pl.
1569 2157 1886 2227 impurator.

739 2340 824 2394 IN
859 2341 1104 2419 PARTE
1154 2340 1265 2393 111:

118 2466 245 2536 Pag.
285 2469 418 2525 221,
459 2455 605 2511 linea
642 2463 675 2517 5
714 2457 780 2510 ab
818 2456 1033 2523 infima,
1073 2455 1193 2528 lege
1232 2457 1445 2508 labrum
1481 2472 1585 2526 pro
1624 2457 1845 2509 labium.

114 2550 241 2620 Pag.
281 2552 415 2610 279,
453 2542 601 2595 linea
636 2549 671 2602 4
710 2542 775 2595 31)
814 2540 1025 2607 infima,
1065 2538 1185 2613 lege
1223 2545 1606 2612 quadratorem
1623 2558 1724 2614 pro
1755 2560 1887 2610 qua-

452 2632 688 2682 dratum.

115 2721 242 2789 Pag.
282 2719 413 2780 455,
452 2713 599 2766 linea
640 2723 732 2777 11,
773 2711 892 2782 lege
931 2715 1128 2764 nitenti
1160 2728 1264 2782 pro
1302 2713 1491 2768 nitido,

117 2813 243 2882 Pag.
282 2817 411 2874 713,
450 2805 599 2859 linea
639 2814 692 2871 1,
732 2802 853 2875 lege
893 2803 979 2861 VI
1017 2821 1120 2876 pro
1160 2801 1239 2859 II.

115 2906 244 2974 Pag.
285 2910 413 2965 722,
454 2896 600 2950 linea
637 2900 671 2953 4
710 2898 775 2950 31)
813 2896 1027 2961 infima,
1070 2907 1125 2950 et

118 2991 243 3063 Pag.
299 2990 461 3049 1005,
518 2983 663 3036 linea
707 2994 740 3043 9
787 2983 854 3036 31)
902 2981 1116 3050 infima,
1168 2980 1288 3054 lege
1340 2984 1732 3036 calcia-acorem
1783 2999 1881 3053 pro

453 3083 759 3127 arcuatum.

759 3262 1263 3273 ———-——--——-—-—-—.--—-
