1997 3680
142 100 267 156 232
800 107 1243 150 lanssumoN

827 243 1219 305 Varietas:

275 367 328 422 1.
388 361 676 422 Scutello
730 369 967 441 puncto
1023 359 1262 439 apic-ali
1316 356 1481 420 albo.
1544 390 1629 403 —·
1684 359 1898 441 Caput

143 458 393 542 punctis
428 459 670 518 duobus
709 455 919 539 clypei
954 455 1299 537 orbitisque
1336 453 1660 514 oculorum
1705 456 1900 517 inter-

147 559 241 617 nis
276 557 451 617 albis.
521 558 856 618 Antemnae
879 555 1146 615 articulo
1175 563 1204 617 1
1235 552 1449 612 subtus
1477 567 1712 634 puncto
1736 555 1895 627 albo,

147 656 427 716 articulis
460 657 726 717 11—15
752 655 907 715 albis
933 654 1148 714 subtus
1177 651 1419 712 macula
1443 650 1630 713 fusca.
1678 653 1901 715 Tibiae

147 756 389 815 anticae
415 754 619 825 albae,
673 776 939 837 superne
965 754 1200 835 nigrae,
1247 750 1485 811 mediae
1512 751 1753 834 nigrae,
1807 753 1901 811 in-

147 856 322 915 ferne
348 876 379 912 a
408 853 614 913 medio
642 853 715 911 ad
745 854 923 913 basin
951 874 1144 935 usque
1171 851 1371 921 albae,
1420 851 1697 933 posticae
1727 850 1901 912 albae

147 953 327 1036 apice
365 952 561 1033 nigro,
656 953 914 1013 Caetera
955 953 1116 1012 sicut
1149 951 1213 1010 in
1251 949 1459 1031 specie
1497 951 1781 1031 genuina.

317 1050 557 1110 Marem
633 1051 888 1112 unicum
965 1051 1134 1133 cepit
1199 1072 1240 1110 a
1305 1049 1641 1134 Stillsried
1706 1068 1906 1132 prope

150 1148 556 1230 Hirschberg.

799 1387 1261 1471 Synonyma:

153 1529 330 1591 Ichn.
369 1533 679 1613 pistorius
711 1528 919 1590 Musei
954 1519 1379 1611 Hellwigiani.

152 1630 330 1693 Ichn.
369 1631 730 1692 molitorius
765 1629 1038 1689 Schrank
1073 1629 1258 1690 Boica
1295 1651 1350 1691 n.
1386 1634 1583 1700 2072,
1631 1648 1756 1688 var.
1788 1648 1839 1687 a.

574 1883 798 1943 Nota:

282 2024 444 2084 Huic
488 2023 720 2107 speciei
754 2023 957 2087 affinis
993 2038 1089 2086 est
1122 2023 1302 2087 Iclzn.
1334 2025 1692 2086 molitorius
1726 2024 1907 2083 Panz.

157 2126 348 2184 Faun.
377 2124 573 2197 XIX,
622 2123 745 2184 tab.
790 2131 897 2198 16,
945 2125 1052 2208 qui
1087 2136 1316 2196 autem,
1364 2123 1443 2183 ob
1485 2135 1672 2205 caput
1707 2135 1912 2184 totum

159 2215 402 2304 nigrum
442 2236 505 2283 et
543 2237 773 2308 puncta
812 2226 951 2286 alba
992 2225 1066 2284 ad
1097 2224 1369 2284 radicem
1408 2223 1645 2282 alarum
1694 2223 1915 2283 incon-

159 2322 389 2403 spicua‚
431 2323 640 2404 potius
663 2324 738 2383 ad
761 2323 1057 2385 feminam
1081 2324 1522 2387 Ichneumonis
1548 2323 1915 2388 deliratorii

158 2421 376 2482 referri
410 2421 622 2491 debet,
671 2444 1043 2507 quamquam
1083 2436 1315 2484 statura
1352 2435 1484 2485 tota
1520 2434 1584 2482 et
1618 2434 1916 2482 antenna-

160 2540 298 2579 rum
332 2519 738 2601 proportione
777 2522 1003 2582 melius
1040 2545 1181 2582 cum
1211 2528 1483 2607 pistorio
1519 2522 1827 2604 congruit.

288 2619 544 2679 Femina
570 2617 756 2700 hujus
783 2621 1033 2703 speciei,
1075 2634 1306 2682 statura
1333 2636 1449 2683 etc.
1480 2622 1734 2682 omnino
1756 2642 1906 2682 con-

163 2718 331 2800 gruit
389 2740 529 2777 cum
586 2718 814 2779 femina
858 2720 1321 2782 Ichneumonis·
1348 2721 1745 2793 delimtorii,
1798 2741 1914 2803 pro

160 2818 337 2900 cujus
363 2817 660 2878 varietate
683 2839 816 2877 eam
844 2817 1162 2893 haberem,
1211 2820 1330 2881 nisi
1365 2820 1606 2903 pictura
1642 2818 1912 2880 thoracis

159 2918 458 2978 differret.
553 2917 650 2976 Ob
685 2917 992 2998 picturam
1027 2918 1298 2981 thoracis
1334 2919 1485 2982 haec
1521 2919 1749 2982 femina
1775 2918 1915 3001 qui-

159 3020 298 3079 dem
325 3031 448 3077 tam
476 3017 742 3079 maribus
769 3016 1136 3080 deliratorii
1160 3040 1343 3100 quam
1364 3019 1631 3079 maribus
1657 3021 1913 3103 pistorii

157 3117 332 3200 jungi
369 3132 606 3200 posset,
654 3117 748 3176 sin
794 3128 999 3175 autem
1052 3116 1178 3175 illis
1223 3117 1575 3199 jungerem,
1625 3117 1910 3188 feminae,

155 3217 279 3299 jam
329 3241 469 3278 cum
516 3215 896 3281 deliratorio
943 3215 1346 3296 conjunctae,
1406 3217 1629 3280 viduae
1673 3228 1907 3279 essenti
