2017 3789
151 173 238 213 XII

149 309 289 371 loca
324 308 437 370 illa
466 307 838 372 intermedia
864 322 1195 395 occupant,
1244 335 1390 399 que,
1437 338 1578 379 cum
1602 319 1682 383 de
1711 320 1925 405 specie

146 424 417 507 quadam
451 424 678 488 dubius
712 448 804 500 es,
866 424 1004 486 illic
1040 425 1231 490 dubia
1263 442 1371 491 tua
1402 433 1648 496 solvere
1694 435 1920 518 possis,

147 540 493 625 Praecipue
524 552 734 602 autem
771 540 838 602 in
875 538 1230 604 definienda
1266 546 1481 630 specie
1523 570 1782 610 necesse
1827 562 1924 612 est

146 666 217 715 ut
254 676 381 716 non
408 655 613 718 solum
636 677 736 729 ea,
785 654 1036 740 quaein
1067 657 1232 718 notis
1258 662 1655 742 generalibus
1692 662 1925 731 sectio-

143 768 261 842 niS,
309 770 414 830 ubi
440 770 715 853 speciem
742 769 1274 855 quaeriS,-monui,
1316 775 1422 837 sed
1450 776 1639 837 etiam
1665 777 1923 860 diagno-

142 906 247 947 ses
295 884 699 959 varietatum,
772 885 1091 959 consulas,
1162 888 1400 950 multae
1455 891 1624 952 enim
1676 891 1919 975 species

141 991 358 1060 colore
394 979 791 1084 picturisque
829 1001 1086 1063 scutelli
1134 1001 1485 1066 abdominis
1530 1017 1596 1068 et
1641 1005 1921 1091 reliqua-

138 1135 278 1173 rum
317 1113 590 1196 partium
628 1115 912 1199 corporis
948 1116 1213 1179 variant.

266 1228 471 1289 Erunt
507 1231 641 1292 sine
675 1230 872 1292 dubio
925 1231 1035 1316 qui
1081 1231 1506 1308 mirabuntur,
1562 1256 1691 1309 me,
1750 1234 1919 1298 inter

137 1341 528 1406 characteres
571 1345 969 1409 distinctivos
1016 1368 1314 1430 generum
1361 1362 1427 1410 et
1476 1350 1913 1434 subgenerum,

136 1458 408 1542 partium
460 1459 588 1521 oris
635 1459 876 1521 nullam
931 1462 1242 1524 rationem
1292 1463 1603 1527 habuisse.
1709 1466 1914 1527 Omisi

134 1587 344 1636 autem
380 1574 489 1636 has
525 1587 733 1659 partes
767 1575 912 1659 quia
950 1575 1118 1637 haud
1153 1599 1227 1639 eo
1263 1579 1595 1662 pervenire
1627 1593 1913 1662 poteram

132 1702 205 1751 ut
226 1711 325 1751 eas
352 1691 418 1750 in
441 1691 750 1764 omnibuS,
779 1691 881 1753 vel
909 1691 1130 1752 saltem
1153 1691 1219 1754 in
1245 1694 1554 1777 plurimiS,
1581 1696 1911 1780 speciebus

132 1819 422 1866 accurate
469 1805 915 1879 examinarem,
976 1808 1146 1891 quod
1194 1820 1404 1870 tamen
1443 1808 1597 1869 mihi
1655 1833 1911 1872 necesse

130 1925 265 1981 esse
304 1919 660 1994 videbatur,
711 1920 763 1982 si
809 1921 1015 2004 legem
1051 1925 1436 2006 generalem,
1484 1925 1560 1986 de
1596 1924 1724 1986 illis
1765 1947 1911 2009 par-

128 2035 298 2096 tibus
324 2036 691 2109 desumtam,
716 2056 1076 2119 proponere
1101 2038 1354 2100 vellem.
1429 2040 1694 2100 Constat
1720 2041 1906 2114 enim,
1941 2051 1945 2056 ’

130 2151 346 2234 plures
382 2151 624 2234 species
653 2151 719 2212 in
744 2151 982 2213 fabrica
1007 2151 1134 2214 oris
1159 2153 1431 2227 differre,
1475 2176 1635 2238 quae
1671 2154 1909 2217 nihilo-

128 2265 334 2326 minus
373 2265 635 2348 reliquis
659 2266 825 2326 notis
855 2266 1022 2327 inter
1046 2290 1111 2328 se
1139 2282 1494 2352 congruunt
1518 2292 1651 2343 nee,
1683 2291 1908 2332 secun·-

127 2382 276 2442 dum
314 2382 562 2463 regulas
614 2380 967 2462 systematis
1009 2384 1342 2457 naturalis,
1415 2383 1481 2444 in
1516 2385 1641 2444 duo
1677 2406 1907 2467 genera

125 2495 399 2580 separari
436 2508 718 2579 possunt.
814 2496 1024 2579 Opera
1062 2498 1448 2581 entomologi
1484 2498 1903 2572 celeberrimi,

127 2613 235 2697 qui
268 2611 565 2672 conditor
600 2623 734 2672 erat
770 2612 1124 2693 systematis
1165 2612 1628 2696 entomologiae
1668 2613 1903 2674 instru-

125 2728 354 2789 mentis
402 2725 654 2787 cibariis
705 2727 1149 2809 superstructi,
1220 2726 1336 2787 hac
1384 2727 1451 2788 in
1494 2750 1562 2789 re
1611 2729 1898 2812 exempla

125 2841 427 2903 exhibent
467 2841 873 2915 deterrentia,
929 2864 1113 2925 quam
1144 2855 1382 2904 temere
1418 2856 1610 2926 agunt
1645 2844 1753 2927 qui
1791 2866 1900 2926 ge-

122 2979 269 3019 nera
293 2969 443 3030 tota,
471 2957 719 3040 copiam
742 2978 1024 3040 magnam
1052 2960 1402 3041 specierum
1429 2957 1894 3040 amplectentia,

121 3072 272 3133 solis
299 3071 581 3156 partibus
605 3072 749 3145 oris,
797 3071 864 3131 in
889 3071 1103 3155 paucis
1131 3084 1373 3133 tantum
1396 3073 1724 3155 speciebus
1753 3094 1897 3134 exa-

123 3187 405 3259 minatis,
454 3186 746 3261 definire',
805 3186 1031 3247 deinde
1067 3200 1276 3248 autem
1310 3187 1585 3270 reliquas
1627 3187 1888 3271 specieS,

118 3302 402 3386 partibus
439 3301 565 3366 oris
600 3323 814 3365 earum
841 3301 1178 3387 nequidem
1203 3302 1530 3387 inspectiS‚
1579 3325 1658 3366 ne
1685 3303 1890 3365 dicam
