1934 3690
129 181 210 236 80
848 190 927 230 VI.
979 190 1178 230 ALAE.

127 330 312 402 bent3
382 326 836 410 conjunctione
892 324 1159 387 ulterius
1227 326 1622 402 continuata,
1694 343 1904 412 partes

128 429 405 512 apicales
475 427 799 487 amborum
867 445 1204 486 nervorum
1267 426 1356 487 ita
1414 427 1781 488 coalescunt
1838 440 1909 488 ut

129 529 306 613 quasi
333 527 646 611 petiolum
672 521 1027 596 exhibeant,
1061 546 1187 607 quo
1213 527 1422 587 areola
1449 527 1582 609 ipsa
1609 547 1908 609 suspensa

130 651 266 690 esse
292 628 557 696 videtur,
598 643 757 705 quae
784 644 947 682 nunc
971 628 1287 706 petiolata
1316 627 1449 708 (fig.
1486 626 1597 706 15)
1625 625 1909 686 nomina-

126 741 260 800 tur;
320 738 496 809 patet
541 735 775 792 autem,
825 721 1277 803 conjunctione
1325 725 1577 807 longius
1626 723 1908 806 longius-

129 850 252 912 que
298 825 691 892 continuata,
749 813 1023 881 areolam
1082 822 1282 906 ipsam
1336 825 1589 884 tandem
1647 823 1904 906 prorsus

128 946 500 990 evanescere
547 922 796 983 debere.
888 924 1113 984 Areola
1159 924 1248 984 ita
1283 923 1513 983 sensim
1561 935 1904 1004 angustata,

129 1027 306 1088 nervi
350 1022 642 1085 laterales
690 1020 947 1105 quidem
993 1021 1127 1084 basi
1174 1043 1461 1107 quoque,
1510 1021 1574 1081 id
1621 1035 1744 1094 est,
1796 1022 1905 1082 ubi

129 1126 392 1189 cellulas
442 1119 818 1182 discoidales
878 1121 1222 1204 attingunt,
1283 1121 1514 1181 sensim
1565 1121 1908 1204 adpropin-

127 1238 349 1310 quant,
399 1242 717 1304 nunquam
753 1242 904 1281 vero
944 1243 976 1280 a
1014 1221 1147 1280 basi
1183 1220 1319 1301 ipsa
1352 1218 1722 1299 conjunctio
1748 1220 1910 1281 inci-

124 1325 251 1408 pit,
311 1321 586 1403 indeque
643 1342 965 1401 nunquam
1023 1318 1336 1402 petiolum
1390 1319 1639 1379 areolae
1685 1341 1718 1379 e
1769 1318 1906 1379 basi

124 1422 314 1506 hujus
341 1419 679 1504 provenire
706 1419 977 1490 videbis,
1027 1419 1136 1478 sed
1162 1438 1409 1499 semper
1439 1439 1516 1477 ex
1543 1417 1678 1499 ejus
1704 1418 1900 1500 apice.

126 1523 217 1593 Si,
267 1541 530 1581 numero
583 1518 890 1589 secundO,
955 1538 1294 1578 nervorum
1336 1517 1698 1577 lateralium
1746 1540 1904 1578 unus

126 1622 394 1691 alterve,
467 1620 845 1701 plerumque
903 1617 1207 1688 exterior,
1278 1615 1509 1676 sensim
1567 1617 1903 1690 evanescit,

123 1719 386 1801 vestigia
422 1718 560 1800 ejus
596 1718 662 1776 in
697 1715 1056 1776 membrana
1080 1714 1334 1796 hyalina
1371 1716 1505 1775 alae
1529 1716 1673 1797 plus
1699 1716 1905 1778 minus

126 1819 466 1902 conspicua
494 1838 625 1877 esse
651 1816 884 1886 solent,
933 1826 1056 1885 aut,
1100 1814 1383 1896 vestigiis
1412 1813 1548 1895 ejus
1579 1815 1766 1896 plane
1792 1816 1906 1875 ob-

123 1919 423 1990 literatis,
471 1916 735 1998 angulus
765 1914 1053 1983 obtusim,
1102 1913 1168 1972 in
1206 1934 1398 1974 nervo
1437 1912 1737 1974 inferiore
1776 1914 1906 1975 cel-

120 2021 295 2081 lulae
329 2029 652 2087 externae,
703 2033 901 2095 prope
945 2012 1122 2093 juxta
1161 2012 1457 2072 cellulam
1495 2012 1906 2074 discoidalem

121 2117 588 2186 intermediam,
635 2114 851 2173 locum
897 2113 1165 2195 prodere
1218 2112 1411 2184 solet,
1463 2111 1627 2172 unde
1679 2133 1903 2172 nervus

125 2219 241 2278 ille
311 2216 625 2277 extinctus
685 2212 1036 2284 oriebatur,
1109 2233 1161 2271 e.
1223 2233 1279 2293 g.
1357 2212 1423 2271 in
1481 2211 1903 2293 Hemitelibus

128 2318 264 2397 (fig.
302 2316 433 2392 16).
487 2315 682 2393 Saepe
709 2322 918 2370 autem
943 2310 1190 2370 nullum
1216 2308 1573 2391 Vestigium,
1605 2331 1720 2369 nec
1747 2331 1906 2392 quo-

127 2438 250 2498 que
276 2413 538 2495 angulus
568 2411 713 2481 iste,
763 2421 1070 2491 superest.
1165 2408 1508 2479 Interdum,
1557 2409 1702 2468 loco
1727 2429 1906 2469 areo-

122 2514 249 2583 lae,
299 2523 603 2593 punctum
632 2506 1024 2587 conspicitur
1049 2503 1554 2585 nigro-fuscum,
1603 2525 1905 2566 corneum

111 2613 264 2693 (fig.
301 2611 411 2689 19)
439 2607 608 2688 quod
632 2605 731 2665 vel
757 2626 790 2663 e
816 2603 1247 2664 contractione
1274 2604 1521 2665 areolae
1544 2603 1758 2676 totiuS‚
1797 2606 1902 2668 vel

122 2733 159 2771 e
199 2706 632 2769 contractione
678 2702 853 2763 nervi
899 2702 1233 2783 simpliciS,
1283 2703 1579 2763 cellulam
1630 2706 1903 2765 exterio-

125 2832 259 2870 rem
299 2807 372 2866 ab
409 2803 710 2863 interiore
757 2801 1170 2882 sejungentiS,
1218 2816 1424 2862 ortum
1457 2824 1593 2863 esse
1627 2804 1896 2864 videtur.

126 2911 257 2968 Hac
302 2903 764 2972 contractione,
817 2923 1001 2982 quam
1049 2923 1272 2961 nervus
1319 2901 1584 2962 inferior
1631 2903 1900 2963 cellulae

127 3005 411 3082 radialis,
458 3015 521 3063 et
559 2999 844 3083 superior
881 2999 1153 3058 cellulae
1198 3000 1562 3059 discoidalis
1608 3013 1900 3061 externae

128 3101 646 3170 etintermediae,
696 3098 892 3157 secuti
923 3111 1082 3168 sunt,
1130 3096 1363 3157 factum
1393 3112 1503 3171 est,
1554 3111 1639 3169 ut,
1692 3099 1758 3158 in
1785 3099 1899 3160 illo

123 3215 394 3289 punctO,
441 3199 674 3260 cellula
697 3197 946 3256 radialis
974 3218 1116 3255 cum
1141 3197 1392 3257 cellulis
1431 3197 1566 3256 istis
1594 3197 1903 3258 discoida-

120 3305 296 3364 libus
329 3301 460 3361 fere
496 3299 959 3358 in'contactum
997 3295 1303 3356 venerint.
1396 3296 1621 3356 Areola
1647 3318 1899 3358 nervum
