1934 3690
738 157 1047 197 fAMlLtA
1094 146 1133 197 I.
1678 132 1799 204 '105

62 276 370 374 dibusq‘ue
413 273 842 373 gracilioribus
889 290 964 350 ab
1012 276 1531 356 Ichneumonihus
1579 282 1802 357 distin-

64 403 362 471 guuntur3
411 390 516 450 sed
556 390 1001 474 Hoplismenus
1042 391 1391 466 orbitatus,
1434 394 1616 455 lineis
1663 396 1799 457 istis

64 510 259 570 aeque
282 488 590 548 distinctis
615 510 684 547 ac
707 488 773 548 in
800 489 1339 563 Ichneumonibus,
1375 504 1438 553 et
1462 495 1801 556 nonnullae

65 586 332 647 feminae
358 585 846 646 Ichneumonum
885 589 969 661 (e.
1000 610 1053 669 g.
1084 589 1396 653 Ichneum.
1424 593 1803 666 leucolorniz',

62 688 406 768 guttulati,
455 692 767 758 castanei,
819 687 1089 767 secluh'),
1144 689 1362 749 aculeo
1406 689 1652 772 longius
1696 713 1803 752 ex-

67 796 259 855 serm,
327 783 606 843 antennis
660 785 1044 867 pedibusque
1098 786 1553 868 gracilioribuS,
1622 790 1804 851 ambo

66 903 289 964 genera
345 883 603 964 jungere
658 883 961 943 videntur.
1021 919 1104 930 —-
1154 886 1540 967 Hoplismeni
1597 901 1803 950 autem

68 982 231 1041 inter
256 980 703 1041 Ichneumones
728 994 791 1041 et
818 985 1098 1065 Cryptos
1120 984 1436 1065 genuinOS,
1483 1007 1588 1046 seu
1595 987 1805 1068 sami-

66 1082 219 1142 liam
242 1081 579 1144 secundam
607 1084 1030 1165 Cryptorum,
1076 1081 1421 1146 intermedii
1447 1097 1604 1146 sunt.
1685 1086 1805 1145 Fe-

68 1180 269 1242 minae
297 1165 703 1263 Cryptorum,
752 1180 969 1240 aculeo
1002 1180 1309 1261 longiore,
1357 1180 1540 1242 facile
1564 1182 1638 1241 ab
1664 1181 1806 1242 Ich-

69 1279 477 1340 neumonibus
503 1277 965 1348 discernuntur3
1012 1300 1204 1340 mares
1237 1292 1440 1340 autem
1476 1281 1806 1342 nonnulla-

70 1399 205 1437 rum
254 1378 622 1460 specierum,
672 1376 973 1458 imprimis
1021 1376 1182 1437 inter
1227 1378 1366 1438 illas
1410 1379 1614 1439 areola
1654 1402 1805 1462 qua-

70 1475 417 1557 drangulari
435 1522 449 1546 ,
498 1496 756 1556 quorum
781 1475 1051 1557 petiolus
1077 1476 1323 1558 longior
1344 1490 1437 1537 est
1458 1499 1637 1560 quam
1664 1500 1806 1561 pars

71 1573 272 1633 antica
312 1574 606 1655 segmenti
646 1573 856 1655 primi,
905 1572 1055 1633 haec
1103 1587 1306 1635 autem
1353 1575 1467 1634 illo
1517 1576 1700 1637 latior
1742 1589 1808 1638 et

73 1672 722 1754 subquadrangulariS,
771 1694 822 1732 e.
859 1694 913 1753 g.
947 1695 1140 1732 mares
1171 1678 1402 1758 Crypti
1427 1678 1809 1749 titillatoria)

72 1771 342 1830 maribus
371 1771 731 1852 quibusdam
756 1769 1241 1831 Ichneumonum
1269 1786 1579 1854 segmento
1606 1773 1807 1855 primo

73 1869 344 1930 laeviore
370 1870 546 1929 valde
570 1868 789 1928 similis
816 1883 972 1940 sunt,
1001 1892 1110 1930 nec
1137 1871 1253 1930 nisi
1278 1875 1480 1933 areola
1509 1873 1810 1953 quadran-

75 1970 276 2051 gulari
326 1967 802 2048 distinguuntur.
851 2004 936 2013 -—
980 1968 1468 2028 Ichneumonum
1503 1971 1812 2032 minorum

78 2066 354 2149 quidam,
414 2064 802 2124 cicatricibus
859 2079 921 2125 et
976 2067 1157 2127 lineis
1214 2068 1466 2129 elevatis
1512 2070 1811 2152 segmenti

76 2164 260 2248 primi
318 2162 588 2240 omnino*
627 2162 754 2222 sere
802 2164 1126 2237 obsoletis,
1187 2180 1621 2251 segmentoque
1673 2170 1810 2252 ipso

80 2263 277 2322 nitido
307 2262 390 2340 (e.
422 2281 475 2341 g.
518 2260 690 2321 Ichn.
720 2262 1116 2336 albicinctus,
1164 2269 1530 2339 annulatur,
1578 2275 1812 2350 margi-

78 2363 311 2431 nellus,
359 2361 864 2440 melanogonus),
907 2363 1176 2423 medium
1223 2377 1438 2426 tenent
1482 2365 1645 2428 inter
1690 2366 1810 2427 hoc

80 2459 383 2540 subgenus
441 2471 503 2517 et
549 2459 1074 2542 Phygadeuontes
1129 2463 1498 2544 (familiam
1557 2471 1814 2526 tertiam

81 2560 538 2641 Gry-plorum),
583 2558 880 2640 imprimis
927 2557 1299 2623 albicinctus
1345 2575 1408 2622 et
1449 2567 1814 2638 annulator,

81 2656 160 2714 ob
198 2656 497 2715 abdomen
537 2654 780 2716 brevius
834 2657 1394 2741 depressiusculum
1430 2675 1493 2721 et
1525 2665 1811 2723 aculeum

83 2753 269 2835 paulo
316 2754 557 2834 longius
606 2768 929 2817 exsertum.
1019 2757 1462 2842 Hoplismenus
1492 2768 1812 2842 unigutta-

84 2863 185 2912 tus
209 2874 473 2933 quoque,
522 2875 702 2934 quem
728 2866 902 2914 antea
927 2853 1087 2916 inter
1110 2856 1558 2919 Ichneumones
1584 2880 1810 2941 posue-

83 2969 228 3020 ram,
277 2950 402 3007 illis
430 2951 749 3031 speciebus
776 2952 1154 3015 intermediis
1185 2957 1669 3019 adnumerandus
1696 2972 1807 3019 est.

87 3047 213 3107 Nec
251 3048 449 3106 minus
492 3049 664 3111 Ichn.
714 3050 1002 3123 tibiator,
1048 3067 1220 3135 parte
1267 3055 1465 3114 antica
1512 3057 1810 3138 segmenti

87 3145 265 3224 primi
303 3146 500 3204 minus
537 3164 864 3232 praerupte
898 3173 930 3210 a
964 3153 1203 3233 petiolo
1239 3153 1543 3234 sejuncta,
1590 3168 1652 3214 et
1675 3177 1813 3236 spe-

86 3243 319 3304 cierum
367 3245 798 3307 nonnullarum
847 3250 932 3330 (e.
988 3272 1042 3331 g.
1093 3250 1267 3312 Ichn.
1316 3255 1711 3315 annulatoris
1749 3265 1812 3313 et
