1934 3690
628 118 755 156 v111.
806 114 1178 156 ABDOMEN.
1695 100 1776 159 85

31 255 208 326 dum,
262 255 327 312 in
373 252 679 335 petiolum
716 252 1073 333 elongatum
1117 271 1268 312 esse.
1380 251 1430 309 E
1474 251 1779 311 sententia

31 351 385 413 Blainvillei
433 350 736 410 abdomen
770 350 1142 410 insectorum
1190 351 1522 431 segmentis
1565 351 1781 410 decem

31 451 447 534 compositum
473 463 584 522 est,
630 469 893 532 quorum
921 450 1044 509 duo
1072 449 1287 510 ultima
1310 460 1513 508 autem
1539 469 1783 530 semper

31 550 385 611 abscondita
411 561 569 609 sunt.
661 549 1071 630 Segmentum,
1118 548 1284 631 quod
1304 547 1520 630 vulgO,
1567 547 1782 608 etiam-

32 672 154 733 que
192 650 253 710 in
281 648 393 708 hac
413 647 1028 729 Ichneumonologia,
1074 655 1344 731 primum
1372 659 1781 729 nuncupatur,

30 750 272 809 ratione
307 748 571 818 formae,
617 747 820 806 minus
857 748 1118 829 reliquis
1161 746 1474 806 abdomini
1521 746 1640 806 toti
1686 767 1784 806 re-

26 847 317 931 spondet.
365 847 672 928 Utrinque
698 848 772 905 ad
796 847 931 928 ejus
958 849 1148 908 latera
1177 844 1572 909 tuberculum
1596 844 1785 904 situm

33 960 130 1008 est
167 967 454 1028 parvum,
514 946 707 1027 magis
767 946 1044 1006 minusve
1099 944 1487 1017 distinctum,
1535 943 1600 1003 in
1659 963 1784 1025 quo

32 1045 414 1128 spiraculum
466 1044 613 1105 exit.
736 1047 902 1106 Haec
948 1043 1269 1105 tubercula
1320 1044 1418 1105 vel
1468 1043 1533 1103 in
1578 1041 1785 1102 medio

33 1145 334 1228 segmenti
360 1144 473 1203 sita
501 1157 661 1215 sunt,
697 1145 797 1204 vel
823 1157 963 1204 ante
991 1144 1261 1202 medium
1297 1142 1491 1221 (inter
1512 1141 1787 1202 medium

32 1257 99 1304 et
142 1243 456 1325 apicem),
513 1242 613 1302 vel
665 1242 824 1302 ultra
863 1242 1131 1303 medium
1180 1242 1384 1320 (inter
1419 1240 1691 1302 medium
1726 1252 1790 1300 et

33 1342 272 1421 basin).
367 1342 511 1417 Quo
545 1341 735 1422 magis
769 1342 1090 1403 tubercula
1123 1363 1153 1400 a
1194 1340 1324 1400 basi
1360 1354 1595 1401 remota
1627 1325 1787 1410 sunt,

35 1463 112 1502 eo
135 1440 425 1523 gracilior
462 1461 602 1521 pars
630 1441 866 1521 postica
904 1437 1088 1522 hujus
1116 1440 1415 1521 segmenti
1442 1435 1785 1498 esse'solet.

37 1543 179 1601 Pars
219 1539 437 1607 antica,
486 1538 649 1599 inter
685 1539 1007 1599 tubercula
1046 1539 1159 1598 ista
1199 1552 1261 1599 et
1287 1537 1623 1620 marginem
1659 1534 1792 1617 api-

35 1643 232 1701 calem
284 1637 582 1718 segmenti
623 1637 766 1709 sita,
827 1638 936 1717 (in
972 1637 1424 1718 Monographia
1469 1633 1786 1694 Ichneum.

37 1737 418 1822 pedestrium
444 1736 646 1796 minus
685 1749 828 1819 apte
856 1760 1008 1798 area
1034 1738 1457 1818 nuncupata),
1505 1732 1790 1815 plurimis

37 1836 361 1919 speciebus
410 1836 596 1894 latior
638 1849 731 1895 est
774 1850 948 1917 parte
996 1836 1264 1918 postica,
1313 1835 1525 1894 multis
1567 1846 1792 1903 tamen,

38 1934 375 2017 praecipue
434 1935 761 1995 abdomine
806 1947 941 1994 toto
998 1935 1177 1994 valde
1232 1953 1612 2015 compress0‚
1692 1931 1796 1991 vix

39 2033 228 2115 paulo
263 2031 474 2102 latior3
521 2034 845 2115 perpaucis
870 2046 1252 2114 segmentum
1287 2033 1553 2113 primum
1591 2043 1796 2090 totum

40 2144 255 2192 exacte
291 2131 524 2191 lineare
556 2132 784 2213 ubique
811 2131 1189 2213 aequilatum
1219 2145 1330 2195 est.
1421 2127 1793 2189 Tuberculis

41 2230 172 2290 basi
232 2230 409 2289 valde
466 2230 933 2311 approximatiS,
1003 2244 1178 2311 parte
1234 2230 1436 2289 antica
1497 2227 1796 2310 segmenti

44 2342 246 2389 autem
291 2328 625 2409 aequilata‚
673 2353 787 2389 nec
827 2329 1156 2409 segmentis
1198 2327 1598 2410 sequentibus
1637 2325 1798 2384 mul-

43 2442 174 2488 tum
202 2427 581 2507 angustiore,
630 2426 726 2487 his
760 2441 965 2488 autem
1000 2425 1270 2486 thoracis
1296 2425 1546 2485 circiter
1585 2425 1799 2483 latitu-

43 2527 203 2596 dine,
251 2526 552 2585 abdomen
580 2529 788 2588 sessile
810 2525 1180 2596 nominatur‚
1229 2548 1368 2585 cum
1394 2546 1530 2607 pars
1562 2523 1800 2604 postica

44 2624 229 2708 primi
290 2625 585 2705 segmenti
643 2626 794 2686 adeo
846 2625 1052 2687 brevis
1112 2623 1192 2682 sit
1250 2636 1317 2682 ut
1370 2622 1474 2684 vix
1529 2622 1798 2681 discerni

44 2724 269 2806 possit,
318 2723 583 2804 indeque
619 2744 755 2804 pars
795 2725 995 2784 antica
1034 2720 1388 2782 immediate
1427 2743 1564 2781 cum
1607 2734 1800 2780 meta-

43 2822 298 2882 thorace
343 2820 674 2883 cohaerere
718 2824 1016 2885 videatur.
1116 2820 1175 2880 Si
1224 2818 1343 2879 hoc
1395 2832 1796 2901 segmentum,

47 2941 154 2980 seu
202 2941 339 3001 pars
388 2918 521 2998 ejus
558 2922 823 3002 postica,
878 2922 1054 2983 basin
1092 2941 1303 2981 versus
1350 2918 1574 2979 sensim
1625 2938 1800 2977 coer-

46 3031 249 3089 cetur,
298 3017 595 3078 abdomen
640 3020 965 3084 subsessile
1000 3033 1105 3080 aut
1148 3018 1637 3100 subpetiolatum
1682 3030 1793 3077 est.

48 3117 110 3175 si
154 3116 397 3175 tandem
446 3137 582 3197 pars
631 3119 869 3200 postica
915 3120 1197 3199 elongata
1246 3129 1501 3198 angusta
1548 3115 1797 3176 linearis

50 3225 157 3273 aut
195 3214 502 3275 filisormis
547 3228 673 3288 est,
731 3216 884 3280 haec
931 3240 1071 3303 pars
1114 3219 1387 3300 petiolas
1423 3215 1793 3285 nominatur,
