1997 3680
181 125 308 184 272
613 160 617 163 -
837 137 1280 178 ιὀΗΝΕυΜοΝ

524 273 606 334 tis
633 271 871 334 ultimis
897 272 1074 355 apice
1100 273 1379 347 albidis,«
1418 272 1484 334 in
1508 273 1926 359 descriptione

527 373 673 433 satis
715 373 918 455 ampla
960 384 1164 433 autem
1192 372 1378 456 hujus
1407 373 1634 434 coloris
1661 375 1831 434 nulla
1855 377 1926 436 fit

520 472 777 532 mentio.
870 473 1233 555 Descriptio
1260 473 1519 555 quadrat
1541 472 1617 532 ad
1648 487 1926 536 nostrum

520 571 696 632 Ichn.
740 574 1183 656 culpatorium.

172 669 346 733 Ichn.
372 677 772 733 extensorius
795 672 1030 733 Miiller
1054 671 1262 732 Prodr.
1291 692 1426 754 pag.
1464 674 1601 745 152,
1649 695 1705 732 n.
1742 679 1921 736 1766.

519 806 604 816 --
668 774 901 833 Auctor
966 771 1043 833 de
1110 771 1341 854 pedum
1403 772 1614 832 colore
1671 772 1923 834 omnino

519 880 705 929 tacet.

253 1013 290 1042 ‚,
381 965 653 1027 Schrank
676 970 877 1038 Austr.
909 993 967 1031 n.
999 976 1149 1042 698,
1197 981 1261 1031 et

255 1114 291 1140 „
379 1067 613 1129 Villers
654 1091 713 1150 p.
751 1071 898 1140 135,
947 1093 1004 1129 n.
1039 1074 1096 1132 4.
1143 1105 1229 1114 —
1271 1070 1570 1130 Auctores
1602 1067 1925 1150 diagnosin

518 1179 582 1227 et
648 1167 1135 1249 descriptionem
1209 1168 1430 1229 Linnei
1501 1180 1920 1249 susceperunt,

516 1279 963 1349 praetereaque
1030 1267 1263 1327 addunt
1332 1267 1576 1328 »variat
1641 1267 1921 1327 antennis

518 1378 661 1425 ante
708 1367 1005 1426 annulum
1062 1366 1273 1425 album
1319 1366 1537 1438 rufis,‹<
1594 1366 1920 1426 manifesto

515 1485 662 1546 ergo
711 1465 890 1527 Ichn.
944 1471 1302 1549 raptorium
1361 1487 1503 1526 cum
1557 1472 1921 1527 extensorio

513 1563 947 1626 confuderunt.
1040 1566 1134 1625 Ex
1161 1565 1562 1625 adnotatione
1597 1566 1920 1625 amborum

516 1677 856 1737 auctorum,
888 1665 990 1724 »in
1012 1685 1178 1724 mare
1207 1675 1516 1745 segmenta
1546 1665 1670 1725 duo
1699 1664 1918 1726 ultima

514 1763 860 1823 abdominis
925 1763 1425 1824 albomaculata«
1497 1776 1667 1835 sunt,
1750 1764 1918 1846 quod

513 1874 716 1921 autem
745 1884 859 1923 nec
884 1885 1025 1922 cum
1063 1863 1496 1923 observatione
1534 1863 1775 1944 Illigeri
1818 1863 1917 1943 (in

510 1961 716 2022 Rossii
756 1962 965 2022 Fauna
1016 1963 1102 2033 II,
1152 1983 1287 2043 pag.
1328 1963 1425 2032 57,
1474 1985 1531 2022 n.
1568 1964 1752 2043 742),
1801 1986 1916 2024 nec

516 2081 658 2119 cum
692 2060 1114 2145 descriptione
1153 2083 1186 2120 a
1224 2081 1323 2120 me
1359 2058 1485 2142 jam
1529 2061 1720 2135 edita,
1768 2084 1917 2123 con-

515 2159 699 2241 gruit.

246 2304 282 2330 ,‚
373 2259 513 2318 Gm.
547 2261 640 2320 ed.
672 2259 851 2321 Linn.
880 2281 940 2342 p.
971 2261 1166 2333 2675,
1216 2283 1274 2320 n.
1302 2264 1371 2325 43
1418 2259 1742 2343 diagnosin
1766 2261 1916 2321 Lin-

512 2382 770 2420 neanam
808 2360 1075 2443 recepit,
1123 2358 1605 2441 descriptionem
1640 2361 1867 2422 omisit.

246 2503 282 2529 ,‚
371 2458 547 2517 Rossi
576 2460 785 2519 Fauna
813 2484 870 2520 n.
899 2463 1043 2522 742.
1068 2495 1154 2503 —
1180 2458 1543 2541 Descriptio
1569 2458 1749 2519 nimis
1773 2459 1913 2521 bre-

512 2558 604 2617 vis
633 2581 729 2619 me
759 2560 824 2621 in
849 2558 1040 2619 dubio
1062 2557 1364 2641 relinquit
1386 2558 1461 2619 de
1484 2558 1715 2642 speciei
1741 2559 1912 2620 iden-

516 2667 718 2718 titate.

242 2799 278 2826 ,‚
369 2751 581 2814 Christ
649 2776 784 2838 pag.
847 2760 970 2818 346
1026 2792 1108 2802 —
1163 2770 1259 2818 est
1325 2768 1535 2818 noster
1585 2756 1905 2819 Ichneum.

513 2856 929 2935 confusoriuS.

243 2998 280 3025 „
368 2954 688 3015 Borovvski
729 2975 791 3035 p.
819 2961 927 3025 32,
976 2977 1033 3014 n.
1060 2963 1131 3027 2,
1175 2957 1299 3017 tab.
1327 2958 1426 3029 57,
1472 2959 1540 3019 A.
1583 2955 1682 3038 fig.
1716 2964 1776 3021 2.
1822 2989 1906 3002 --

507 3054 658 3111 Icon
686 3065 965 3111 mutuata
991 3065 1085 3112 est
1107 3076 1141 3115 e
1166 3055 1502 3118 Schaefferi
1525 3058 1694 3116 Icon.
1731 3068 1775 3116 t.
1805 3061 1904 3127 61,

504 3151 606 3231 fig.
646 3157 715 3223 7,
770 3173 929 3233 quae
978 3151 1054 3210 ad
1097 3166 1377 3215 nostrum
1423 3155 1601 3218 Ichn.
1648 3167 1908 3218 ornato-

509 3256 672 3313 rium
708 3248 925 3311 referri
962 3249 1165 3313 debet.
