1934 3690
618 178 780 221 ΒΑΜ.
830 167 882 230 Ι,
931 179 1116 220 εεοτ.
1170 181 1223 218 v.
1674 159 1799 220 275

411 315 634 400 quibus
691 326 894 375 autem
946 314 1146 374 multo
1187 312 1388 373 minus
1427 311 1802 394 respondere

411 414 673 476 videtur.

63 516 239 579 Ichn.
279 512 613 576 Schaefferi
651 512 818 570 Icon.
856 511 978 570 tab.
1011 517 1120 582 61,
1165 511 1265 592 fig.
1297 514 1364 579 4,
1411 529 1595 591 quem
1630 508 1800 568 Mul-

409 613 519 684 ler,
548 611 612 670 in
637 609 844 668 Prodr.
878 622 939 670 et
965 608 1251 680 Schrank,
1279 607 1341 667 in
1367 606 1574 667 Fauna
1598 606 1799 677 Boica,

341 727 344 731 ’
410 710 484 771 ad
524 709 697 771 Ichn.
726 714 1180 778 extensorium‚
1228 707 1458 766 Panzer
1492 717 1694 765 autem
1728 704 1803 763 ad

409 809 584 871 Ichn.
611 812 1052 878 sarcitorium,
1096 805 1534 875 adhibuerunt,
1580 802 1802 864 melius

413 908 488 967 ad
546 919 821 967 nostrum
880 906 1054 967 Ichn.
1107 908 1530 964 extensorium
1576 922 1806 963 marem

416 1005 770 1088 quadraret,
830 1004 878 1063 si
928 1015 1235 1085 segmenta
1282 1014 1546 1083 quatuor
1590 999 1808 1059 ultima

407 1103 573 1163 haud
619 1102 1128 1183 albomarginata‚
1187 1100 1291 1160 sed
1338 1099 1807 1170 albomaculata,

416 1213 651 1271 essent3
697 1200 905 1282 potius
942 1199 1015 1258 ad
1041 1210 1314 1258 nostrum
1341 1198 1515 1259 Ichn.
1544 1198 1812 1260 vadato-

419 1306 581 1361 rium
629 1298 1008 1361 adhibendus
1062 1319 1193 1357 esse
1240 1296 1499 1358 videtur.
1591 1297 1815 1356 Errant

416 1411 622 1458 autem
681 1397 936 1456 Gmelin
1004 1408 1067 1456 et
1134 1394 1403 1467 Olivier,
1473 1394 1580 1478 qui
1647 1394 1814 1454 hunc

422 1495 757 1556 Schaefferi
825 1492 1307 1552 Ichneumonem
1365 1493 1440 1552 ad
1492 1506 1817 1554 saturato-

422 1600 585 1655 rium
631 1593 843 1652 citant.

77 1693 302 1778 Sphex
335 1695 666 1754 annularis
698 1686 860 1749 Poda
896 1685 981 1745 M.
1015 1707 1212 1769 graec.
1252 1709 1314 1770 p.
1349 1694 1486 1761 107,
1533 1713 1590 1750 n.
1622 1695 1658 1755 4
1692 1689 1820 1751 for-

425 1813 533 1853 san
566 1789 690 1851 huc
726 1785 1018 1872 pertinet.

497 1974 716 2033 Nota:

207 2085 257 2145 E
315 2083 734 2165 descriptione
790 2081 952 2141 edita
1020 2078 1208 2161 hujus
1276 2081 1508 2164 speciei
1564 2080 1825 2165 ejusque

86 2182 481 2250 varietatum,
527 2178 829 2262 imprimis
860 2179 1243 2250 feminarum,
1291 2193 1574 2262 apparet,
1623 2181 1829 2263 pictu-

87 2302 183 2341 ras
220 2302 425 2340 earum
462 2279 604 2338 satis
640 2278 965 2338 variabiles
1004 2299 1166 2348 esse;
1215 2279 1319 2339 sed
1371 2280 1555 2340 etiam
1596 2291 1826 2339 statura

87 2393 151 2441 et
174 2379 496 2461 proportio
523 2377 786 2460 partium
814 2377 876 2436 in
905 2376 1238 2437 individuis
1264 2377 1582 2439 nonnullis
1610 2377 1827 2437 variat:

94 2478 408 2556 Quaedam
454 2476 804 2547 individua,
859 2497 998 2534 cum
1045 2475 1274 2558 speciei
1321 2476 1649 2560 genuinae,
1695 2489 1829 2536 tum

91 2576 403 2637 varietatis
452 2587 730 2657 quartae,
790 2595 822 2632 a
875 2572 1132 2655 reliquis
1193 2586 1422 2635 statura
1479 2574 1832 2657 angustiore

94 2674 419 2742 differunt3
476 2672 594 2730 alia
642 2671 984 2731 abdominis
1033 2673 1209 2755 apice
1254 2673 1634 2755 angustiore,
1690 2686 1832 2734 sunt

94 2772 278 2832 etiam
335 2793 490 2852 quae
547 2769 871 2831 abdomine
922 2770 1109 2852 paulo
1164 2771 1449 2833 breviore
1495 2795 1526 2832 a
1571 2772 1831 2855 reliquis

97 2871 463 2950 discrepant.
557 2867 834 2929 Varietas
886 2870 1178 2941 secunda,
1227 2893 1339 2931 nec
1374 2893 1496 2931 non
1531 2871 1831 2952 quaedam

99 2968 412 3029 individua
443 2965 754 3026 varietatis
781 2968 1050 3050 quintae,
1095 2969 1376 3029 antennis
1403 2968 1832 3051 gracilioribus

98 3065 590 3145 distinguuntur5
637 3078 849 3125 contra
873 3079 1096 3137 autem,
1143 3067 1422 3128 antennis
1447 3067 1832 3128 brevioribus

103 3175 166 3223 et
189 3163 589 3223 crassioribus
614 3165 911 3225 nonnulla
935 3164 1163 3248 speciei
1196 3165 1496 3246 genuinae
1522 3165 1837 3225 individua

107 3260 437 3344 conspicua
490 3272 647 3325 sunt.
738 3262 856 3324 Sed
894 3282 1105 3324 omnes
1148 3262 1264 3324 hae
1303 3263 1691 3326 differentiae
1736 3261 1836 3322 vel

1279 3363 1394 3421 183<
