1934 3690
567 141 728 183 ΒΑΜ.
779 129 833 193 I,
882 140 1068 181 sucr.
1119 141 1206 180 ιιι.
1647 123 1766 181 169

697 276 1090 339 Varietas:

145 403 201 461 1.
250 395 497 456 Puncto
544 383 633 454 αᾶ
669 393 921 453 alarum
966 392 1248 455 radicem
1291 383 1638 469 deficiente.
1682 419 1770 436 —-

13 497 348 559 Antemnae
395 491 707 554 interdum
755 491 1032 552 articulis
1080 497 1309 554 2-10
1348 488 1560 549 subtus
1597 485 1770 546 rufo-

13 594 402 677 ferrugineiS,
430 592 657 654 sensim
683 590 1166 650 obscurioribus,
1216 591 1566 652 Scutellum
1592 586 1769 668 apice

17 695 117 756 vel
164 694 306 753 albo
354 692 454 753 vel
504 691 786 752 obsolete
829 691 1074 753 sordide
1119 691 1486 751 rufescente.
1577 691 1773 750 Tarsi

13 792 241 878 postici
277 792 378 853 vel
417 790 537 850 toti
574 790 733 872 nigri
765 791 867 851 vel
904 791 1168 851 articulo
1202 791 1404 875 primo
1439 788 1569 849 basi
1603 787 1764 848 rufo,

44 906 54 911 ”
140 891 538 953 Individuum
572 891 919 951 masculum
954 914 1173 963 unum,
1220 890 1771 974 pedemontanam,

13 991 288 1064 Bonelli,
356 990 648 1063 alterum,
718 994 1108 1064 silesiacum,
1179 993 1458 1074 Manger
1523 1010 1769 1051 mecum

14 1090 650 1153 communicaverunt.

658 1319 1115 1402 Synonyma:

492 1459 727 1521 Maris
796 1473 870 1522 et
921 1460 1290 1522 feminae:

12 1574 194 1639 Ichn.
225 1576 590 1637 multicolor
627 1574 939 1636 Gravenh.
968 1574 1326 1635 Pedemont.
1365 1597 1424 1634 ιι.
1459 1581 1555 1637 11.

693 1746 1090 1808 Feminae:

14 1859 193 1924 Ichn.
223 1862 589 1922 multicolor
621 1861 829 1922 Gmel.
863 1861 957 1922 ed.
992 1860 1172 1922 Linn.
1202 1883 1260 1944 p.
1289 1867 1485 1932 2678,
1532 1883 1590 1920 ιι.
1619 1859 1764 1924 225.

11 1960 194 2024 Ιεήη.
232 1966 593 2022 atratorius
631 1961 867 2021 Villers
914 1982 1049 2043 pag.
1093 1966 1239 2034 142,
1289 1985 1347 2022 ιι.
1387 1968 1498 2032 26;
1544 1959 1668 2020 tab.
1712 1965 1768 2031 8,

365 2062 465 2141 fig.
494 2068 564 2132 2·,
612 2060 775 2121 circa
802 2062 1191 2143 Lugdunum.

99 2205 137 2233 „
227 2158 471 2221 Olivier
501 2181 562 2241 p.
597 2165 746 2234 169,
794 2185 852 2221 n.
880 2169 952 2235 2;
998 2162 1064 2225 in
1103 2162 1315 2224 Gallia
1351 2156 1768 2222 meridionali.

434 2370 658 2431 Nota:

143 2484 320 2547 Ichn.
355 2487 721 2548 multicolor
753 2483 961 2547 Gmel.
1002 2484 1214 2548 forsan
1257 2487 1444 2548 etiam
1478 2488 1556 2549 ad
1584 2489 1768 2553 Ichn.

16 2583 354 2668 ochropem
405 2584 621 2645 referri
663 2599 903 2668 posset3
950 2598 1012 2647 at
1044 2586 1364 2651 Ichneum.
1403 2593 1773 2655 multicolor

20 2685 284 2746 Olivieri
321 2698 382 2745 et
414 2686 463 2744 F
468 2687 756 2768 ourcroyi
794 2685 957 2746 haud
998 2686 1185 2771 hujus
1226 2690 1469 2773 generis
1494 2704 1613 2765 est,
1663 2691 1772 2753 sed

18 2784 95 2843 ad
122 2787 489 2868 Ceropalem
518 2789 903 2848 maculatum
930 2788 979 2847 F
983 2786 1107 2851 abr.
1140 2791 1435 2873 pertinet.
1473 2827 1560 2838 —
1588 2791 1766 2855 Ichn.

17 2891 375 2946 atratorius
398 2886 447 2944 F
453 2885 609 2958 abr.‚
657 2887 999 2950 abdominis
1036 2889 1212 2973 apice
1250 2891 1645 2967 albonotatO,
1692 2892 1768 2953 ab

17 2982 188 3046 Ichn.
217 2985 513 3046 atratorio
537 2986 818 3049 Villersii
857 2988 1004 3052 satis
1030 2988 1261 3052 differt.
