1934 3690
592 156 759 198 ΒΑΜ.
808 145 861 209 Ι,
920 157 1108 199 εεατ.
1160 160 1214 199 v.
1652 147 1779 205 273

36 294 215 358 Ichn.
255 295 653 357 extensorius
690 293 934 355 Olivier
981 315 1116 376 pag.
1142 282 1307 366 169,
1354 315 1410 354 ιι.
1444 298 1504 357 4.
1549 327 1634 340 -—-
1675 286 1778 357 De

384 392 596 453 colore
652 392 879 475 pedum
935 391 1093 452 nihil
1148 390 1391 464 dicitur.
1494 392 1774 454 Varietas

386 503 619 563 autem,
667 491 997 551 »antennis
1035 513 1066 551 a
1102 489 1231 549 basi
1269 511 1461 572 usque
1485 490 1559 550 ad
1587 514 1777 552 annu-

384 590 515 650 lum
561 589 768 649 album
813 588 1251 671 ferrugineiS,«
1301 588 1377 647 ad
1411 590 1778 653 Ichneumo-

387 711 520 750 nem
558 695 911 772 raptorium
947 688 1276 770 redigenda
1312 699 1422 749 est.

122 833 158 860 ‚‚
245 786 425 849 Fabr.
454 789 611 869 Syst.
642 809 777 870 pag.
808 794 948 857 327,
997 811 1053 847 n.
1081 791 1138 848 4.
1186 821 1271 832 —-
1315 787 1475 849 Piez.
1505 811 1641 873 pag.
1672 792 1772 862 56,

387 911 446 946 ιι.
504 894 600 949 12.
658 922 743 931 —
798 885 1128 967 Diagnosis
1175 885 1485 946 Linneana
1528 902 1779 970 recepta

389 997 500 1058 est,
537 984 876 1066 descriptio
901 984 1154 1043 omnino
1180 984 1429 1056 omissa3
1474 983 1617 1045 inde
1641 1007 1780 1068 spe-

387 1085 513 1146 cies
538 1084 839 1166 ambigua.
878 1083 1201 1143 Individua
1226 1096 1448 1155 tamen,
1477 1083 1542 1143 in
1564 1105 1781 1145 museo

388 1183 756 1243 Fabriciano
802 1194 1131 1254 asservata,
1178 1182 1427 1266 penitus
1462 1179 1606 1242 huic
1641 1203 1783 1266 spe-

389 1281 507 1342 ciei
533 1280 927 1363 respondent,
948 1281 1023 1341 de
1047 1279 1271 1364 quibus
1297 1277 1575 1342 conferas
1589 1283 1784 1343 Treu-

388 1379 740 1465 tepohlium
777 1381 816 1439 l.
861 1401 912 1440 e.

126 1525 163 1553 ‚‚
250 1481 482 1540 Panzer
515 1481 752 1549 Fauna,
799 1478 944 1537 fasc.
981 1484 1084 1547 19,
1127 1475 1252 1535 tab.
1288 1482 1382 1538 17.
1431 1513 1514 1522 --
1557 1472 1787 1539 Secun-

390 1578 537 1637 dum
560 1577 745 1637 verba
770 1575 903 1658 ipsa
930 1574 1200 1635 auctoris
1224 1574 1298 1633 ad
1325 1573 1585 1635 Schaeff.
1612 1573 1782 1638 Icon.

389 1697 527 1758 pag.
559 1681 664 1746 60,
712 1697 770 1733 n.
817 1681 847 1736 1
888 1686 950 1733 et
983 1681 1052 1745 2,
1093 1686 1156 1734 et
1192 1673 1255 1733 in
1290 1672 1489 1735 Rev-is.
1520 1696 1653 1758 pag.
1686 1683 1785 1748 61,

388 1773 534 1834 icon
559 1774 669 1834 illa
693 1771 856 1832 haud
880 1772 954 1831 ad
980 1771 1157 1834 Ichn.
1185 1779 1629 1846 extensorium,
1679 1775 1785 1836 sed

394 1873 469 1933 ad
503 1872 677 1934 Ichn.
701 1876 1089 1952 grossorium
1127 1870 1470 1932 adhibenda
1503 1885 1612 1933 est.

130 2021 166 2049 „
256 1972 553 2032 Latreille
580 1972 784 2030 Crust.
816 1969 995 2039 XIII,
1044 1989 1103 2050 p.
1137 1976 1254 2034 186
1283 1970 1391 2050 (de
1416 1970 1697 2032 antennis
1722 1982 1787 2033 et

397 2069 658 2152 pedibus
695 2080 911 2127 auctor
945 2068 1164 2148 tacet).

130 2217 168 2245 ‚‚
256 2168 650 2231 Cederhielm
692 2189 751 2250 p.
803 2170 950 2236 156,
998 2189 1055 2227 n.
1102 2170 1243 2230 479.
1288 2199 1374 2212 -
1415 2165 1781 2250 Descriptio

401 2267 581 2327 nimis
615 2266 819 2326 brevis
847 2277 956 2325 est.

136 2414 171 2440 ‚‚
259 2367 674 2427 Walckenaer
698 2386 756 2447 p.
787 2357 913 2435 50,
944 2387 1000 2423 n.
1031 2369 1072 2428 7
1113 2397 1199 2409 —-
1241 2362 1424 2423 idem.

136 2513 171 2539 „
259 2464 503 2525 Thunb.
565 2463 734 2523 Ichn.
786 2469 892 2533 67,
960 2462 1034 2521 ad
1099 2461 1457 2524 varietatem
1510 2459 1789 2546 quintam

405 2575 649 2622 nostrae
687 2560 914 2644 speciei
948 2560 1162 2622 referri
1193 2574 1419 2644 potest.
1503 2553 1505 2555 ³

54 2662 230 2725 Ichn.
258 2668 636 2723 motatorius
662 2659 902 2720 Olivier
925 2681 983 2742 p.
1019 2666 1156 2732 168,
1193 2683 1250 2719 n.
1285 2667 1359 2723 19
1382 2693 1468 2707 ——-
1489 2659 1564 2718 ad
1591 2659 1791 2719 varie-

400 2773 590 2820 tatem
640 2770 915 2841 quartam
956 2758 1321 2819 feminarum
1368 2758 1561 2818 nostri
1608 2757 1786 2818 Ickn.

402 2863 749 2920 extensorii
771 2853 1148 2918 adhibendus
1188 2880 1321 2918 esse
1354 2857 1617 2918 videtur.

54 2955 229 3018 Ichn.
271 2962 594 3038 raptor-ius
629 2955 798 3016 Rossi
836 2978 893 3015 n.
937 2960 1058 3019 741
1108 2956 1397 3027 varietaS‚
1445 2953 1789 3015 abdominis

403 3057 729 3136 segmentis
766 3055 1003 3114 duobus
1041 3053 1440 3137 ferrugineis,
1487 3053 1693 3113 forsan
1715 3051 1791 3110 ad

402 3166 676 3212 nostrum
701 3159 1126 3216 extensorium
1151 3151 1443 3238 pertinet.
1533 3154 1749 3211 Porro:

139 3293 175 3320 „
263 3246 508 3310 Thunb.
538 3250 706 3312 Ichn.
737 3259 838 3317 68.

171 3358 307 3402 lehn.
342 3361 519 3417 Europ.
552 3360 663 3405 Pars
694 3363 733 3406 ῐ.
1246 3358 1319 3411 18
