2017 3789
165 170 203 227 6
643 185 1004 227 HISTOIUA
1059 185 1448 228 CULTURAE

165 318 352 402 ejuS,‘
388 339 513 381 non
563 321 767 383 solum
813 320 1148 404 descripsit
1190 323 1298 385 sed
1345 324 1536 386 etiam
1584 324 1659 384 ad
1706 323 1931 387 distin-

162 419 406 502 guenda
441 442 664 502 genera
700 422 987 482 adhibuit
1022 421 1110 502 (v.
1144 444 1195 482 c.
1222 425 1451 508 Pepsin
1478 439 1540 487 et
1568 423 1929 507 Ophionem

162 520 387 604 pagina
448 530 526 586 12
581 522 779 583 forma
837 522 1079 583 diversa
1145 525 1519 586 cellularum
1585 525 1925 607 distinxit).

164 622 443 683 Tabulae
467 643 681 684 omnes
708 622 1200 704 descriptionum
1227 627 1617 693 Insectorum¹
1643 626 1927 708 probant,

164 734 484 783 auctorem
512 723 775 783 cellulas
807 723 955 783 istas
982 722 1318 806 praecipue
1351 726 1717 808 respexisse.
1811 726 1930 787 Sed

163 824 486 885 coaetanei
523 822 687 904 ejuS,
736 835 799 884 et
833 823 941 906 qui
975 823 1165 906 paulo
1203 837 1349 907 post
1393 848 1535 887 eum
1577 827 1933 887 scribebant

166 920 602 1006 Entomolegi,
684 936 923 1006 partes·
967 923 1109 984 illas
1183 925 1440 986 omnino
1507 926 1964 1010 negligebant„

163 1020 391 1094 donee,
441 1045 651 1084 versus
690 1023 878 1084 finem
910 1024 1098 1108 hujus
1140 1038 1204 1089 et
1241 1025 1425 1086 initio
1455 1026 1771 1109 sequentis
1799 1048 1934 1087 sae-

164 1121 323 1194 culi,
373 1123 695 1184 Fabricius
744 1136 807 1187 et
842 1126 1089 1200 Jurine,
1137 1126 1249 1187 ille
1283 1125 1713 1188 instrumentis
1761 1127 1932 1187 ciba-

162 1220 301 1294 riis,
360 1221 464 1283 hic
512 1225 750 1285 alarum
796 1226 1076 1300 celluliS,
1137 1226 1210 1286 ad
1271 1227 1642 1289 stabilienda
1702 1249 1929 1310 genera

163 1321 258 1381 usi
290 1335 450 1385 sunt.
540 1327 778 1387 Auctor
808 1327 1093 1388 laudatus
1129 1327 1407 1409 plurium
1444 1327 1934 1388 ichneumonum

162 1424 697 1509 metamorphosin
733 1426 891 1488 vidit
927 1439 990 1487 et
1024 1425 1376 1509 descripsit.
1467 1428 1541 1487 In
1565 1427 1850 1489 fasciculi
1875 1431 1934 1490 V

159 1524 384 1605 pagina
411 1531 492 1590 34
522 1526 752 1587 -Frisch
785 1528 1051 1588 miratur
1086 1549 1366 1610 magnam
1406 1527 1653 1611 copiam
1693 1528 1934 1612 specie-

162 1643 300 1683 rum
346 1628 590 1706 generis
635 1626 1159 1700 Ichneumonum‚
1208 1626 1664 1710 gloriaturque,
1723 1650 1786 1690 se
1828 1628 1934 1690 hic

161 1720 288 1802 jam
345 1724 649 1786 decimam
709 1741 944 1790 sextam
1002 1750 1214 1789 earum
1280 1727 1653 1789 describere.
1765 1731 1934 1790 Bone

162 1822 435 1897 Frischi,
486 1827 639 1909 quid
665 1827 854 1889 hodie
878 1828 1147 1890 diceres!
1192 1864 1280 1876 ———-
1326 1828 1720 1889 Decennium
1750 1852 1934 1912 quar-

160 1934 295 1983 tum
331 1927 688 1990 nominibus
731 1930 1004 1991 Linnaei
1038 1942 1101 1991 et
1139 1931 1512 1991 Reaumurii
1544 1929 1936 1990 celebratum

163 2037 274 2085 est.
368 2027 489 2087 Ille
522 2051 683 2089 anno
723 2032 887 2094 1735
916 2031 1196 2113 Systema
1232 2052 1410 2089 suum
1449 2040 1704 2089 naturae
1726 2030 1932 2112 primo

163 2125 416 2199 edebat,
476 2142 541 2188 et
597 2130 662 2192 in
720 2131 939 2192 ordine
1001 2129 1275 2191 secundo
1332 2131 1754 2202 Insectorum,
1812 2132 1935 2190 An-

162 2226 445 2309 gioptera
474 2229 546 2308 (i.
578 2252 628 2290 e.
659 2230 972 2303 Glossata,
1013 2232 1424 2312 Neuroptera‚
1471 2228 1935 2313 Hymenoptera

163 2338 227 2386 et
293 2327 602 2409 Diptera)
689 2330 1082 2402 continente,
1163 2352 1354 2412 genus
1416 2329 1930 2404 Ichneumonum‚

168 2454 197 2483 »
217 2429 408 2487 cauda
443 2428 662 2488 aculeo
691 2428 956 2509 partito,
1006 2429 1122 2488 alis
1150 2440 1447 2511 quatuor,
1471 2453 1498 2483 <c
1547 2429 1928 2511 designabat.

162 2528 484 2588 Praeterea
523 2548 805 2609 quoque,
850 2550 1012 2589 anno
1048 2540 1374 2610 sequente,
1423 2528 1489 2588 in
1522 2527 1690 2588 Actis
1731 2529 1934 2591 sueci-

165 2626 283 2699 ciS,
344 2626 636 2686 animalia
683 2650 797 2711 per
840 2627 1123 2688 Sueciam
1178 2629 1503 2688 observata
1548 2630 1930 2704 recensebat,

164 2725 331 2787 inter
365 2750 524 2810 quae
562 2727 750 2789 etiam
772 2727 1228 2790 Ichneumones
1268 2728 1587 2811 quosdam.
1636 2765 1722 2774 ——
1769 2731 1929 2808 Quis

164 2840 372 2888 autem
409 2827 574 2889 haud
614 2841 899 2891 nosceret
946 2829 1502 2891 commentationes
1540 2831 1933 2903 Reaurnurii,

168 2928 516 3012 quantitate
564 2940 628 2989 et
673 2929 976 3012 qualitate
1025 2929 1532 2992 observationum
1581 2942 1643 2990 et
1684 2930 1933 3012 experi-

165 3042 544 3102 mentorum,
592 3028 755 3089 circa
789 3028 1113 3092 historiam
1157 3030 1501 3091 naturalem
1549 3029 1931 3092 insectorum

168 3131 631 3203 institutorum,
687 3143 1090 3212 praestantes.
1181 3136 1416 3192 Auctor
1471 3131 1658 3191 etiam
1714 3131 1928 3213 plures

151 3231 642 3303 -IchneumoneS‚
685 3251 1025 3314 eorumque
1052 3243 1259 3292 ortum
1288 3244 1351 3290 et
1376 3229 1928 3312 metamorphosin,

165 3332 520 3417 descripsit.
567 3368 652 3378 --
697 3333 769 3392 In
817 3331 1123 3393 decennio
1160 3330 1382 3414 quinto
1416 3331 1733 3392 Linnaeus
1780 3351 1931 3391 con·
2001 3368 2006 3372 >
