1997 3680
143 86 267 164 396
591 88 595 92 ’
796 113 1243 152 ΙωιιΝΕυΜυΝ

266 254 474 316 Mares
511 247 873 320 nonnullos-2,
921 246 985 308 in
1031 247 1265 310 Silesia
1310 251 1598 325 Austriay
1631 262 1696 312 et
1744 252 1813 314 V
1809 253 1900 314 ol-
1942 247 1945 250 ¹

141 355 344 440 hynia
375 364 616 434 captOS,
664 346 908 430 accepi,
956 346 1111 408 duos
1148 347 1277 409 vidi
1314 348 1381 408 in
1407 370 1624 411 museo
1658 351 1898 431 Klugii.
1994 364 1997 427 ᾗ

144 453 463 515 Feminam
502 448 750 509 unicam
774 448 998 509 Besser
1025 469 1059 509 e
1093 449 1163 512 V
1158 447 1427 534 ollzynia
1450 471 1694 510 mecum
1731 471 1903 510 com-
1995 448 1997 453 ’

143 551 506 615 municavit.

829 775 1224 838 Varietas:

279 917 357 990 1,,δὴ
381 908 739 989 Segmentis
767 913 797 970 1
827 921 886 968 et.
909 916 949 970 2
985 920 1220 990 puncto
1252 908 1494 990 apicali
1523 905 1688 968 albo,
1734 904 1776 966 f.
1823 941 1909 952 ——-

150 988 516 1091 Lo‘ss'gitudo
541 1011 580 1071 5
598 1009 746 1088 72-—
763 1013 801 1069 6
826 1007 1151 1069 linearum.
1211 1006 1488 1068 Thorax
1510 1019 1682 1067 totus
1710 1005 1903 1088 niger.

147 1112 317 1174 Alae
354 1109 638 1190 stigmate
674 1106 859 1190 piceo
881 1120 988 1167 aut
1011 1106 1172 1167 rufo.
1267 1106 1468 1168 Pedes
1494 1105 1686 1188 paulo
1712 1104 1909 1187 graci-

147 1209 338 1270 liores
375 1231 557 1291 quam
590 1207 656 1267 in
697 1206 927 1267 femina
969 1206 1256 1289 genuina.
1348 1204 1683 1267 Abdomen
1717 1207 1908 1289 paulo

149 1309 336 1369 latius
372 1329 554 1389 quam
593 1306 658 1366 in
693 1305 922 1366 femina
963 1305 1250 1387 genuina.

275 1405 691 1477 Individuum,
722 1426 921 1488 prope
942 1404 1331 1486 Hirschberg
1357 1416 1628 1487 captum,
1658 1427 1698 1466 α
1723 1405 1777 1466 S
1781 1407 1912 1467 till-

142 1505 322 1583 fried
356 1504 725 1575 transmisit,
774 1504 1067 1575 alterum,
1115 1524 1314 1586 prope
1350 1507 1727 1566 Cracoviam
1764 1526 1911 1587 cap-

149 1617 313 1677 tum,
360 1605 615 1676 Besser,
657 1602 913 1663 tertium
951 1604 1237 1664 italicum
1267 1603 1485 1672 Dalm
1528 1604 1651 1664 duo
1688 1603 1912 1665 indivi-

149 1705 271 1765 dua
308 1703 636 1766 marchica
670 1702 798 1764 vidi
835 1703 902 1762 in
932 1723 1149 1763 museo
1186 1702 1428 1783 Klugii.

657 1940 1098 2022 Synonyma
1152 1938 1411 1999 maris:

156 2072 334 2136 Ichn.
362 2074 688 2135 oratorius
709 2068 891 2130 Fabr.
924 2069 1066 2131 Ent.
1095 2092 1156 2153 p.
1190 2076 1342 2143 138,
1389 2093 1448 2131 n.
1472 2074 1572 2134 24.
1622 2107 1705 2117 --
1749 2070 1909 2133 Piez.

506 2193 567 2254 p.
597 2173 708 2243 58,
755 2194 815 2230 n.
846 2178 947 2233 20.

241 2318 279 2346 ,,
365 2273 598 2332 Panzer
619 2272 668 2331 F
675 2293 815 2333 aun.
854 2269 1002 2332 fasc.
1037 2277 1147 2344 80,
1193 2269 1320 2332 tab.
1354 2278 1451 2334 10.

842 2455 1228 2517 Feminae:

161 2565 337 2629 Ichn.
372 2566 712 2629 dealbatus
751 2570 956 2630 Gmel.
1002 2570 1095 2630 ed.
1140 2569 1319 2630 Linn.
1356 2591 1417 2652 p.
1449 2575 1646 2640 2678,
1694 2590 1753 2629 n.
1789 2573 1916 2630 226

497 2667 717 2748 (etiam
751 2682 1068 2750 segmento
1105 2671 1144 2733 5
1179 2681 1416 2754 puncto
1455 2668 1652 2749 albo).

583 2905 811 2965 Nota:

288 3039 364 3097 In
417 3034 742 3096 individuo
804 3034 1304 3120 hirschbergensi
1362 3050 1676 3121 segmenta
1729 3042 1917 3100 4-7

163 3137 361 3198 latere
408 3135 659 3197 sinistro
704 3135 859 3194 adeo
895 3149 1156 3195 connata
1204 3150 1347 3199 sunt
1394 3150 1463 3198 ut
1507 3138 1917 3199 incisurarum

165 3234 498 3320 vestigium
534 3257 719 3297 omne
749 3235 1027 3296 deletum
1064 3235 1161 3296 sit.
