1934 3690
760 142 836 180 v1.
886 140 1086 192 ALAE.
1727 130 1809 186 77

41 292 386 362 conspectu
413 296 710 360 generum
746 276 1059 338 anteriore
1084 298 1116 336 a
1141 297 1239 336 me
1266 274 1627 341 brachiales
1653 303 1810 341 nun-

40 379 357 461 cupatae).
451 376 669 448 Nervi,
720 376 828 458 qui
866 377 1127 437 cellulas
1152 376 1526 437 discoidales
1554 378 1719 438 inter
1743 385 1841 442 se''

25 478 435 559 disjungunt,
482 475 792 536 relatione
832 476 906 533 ad
943 477 1206 536 cellulas
1255 475 1591 549 cubitales,
1638 485 1812 541 nervi

41 589 434 637 recurrentes
459 573 877 634 nominantur.
952 575 1518 635 Denominationes
1547 578 1811 658 angulo-

26 696 175 733 ·rum
214 688 278 734 et
311 673 660 754 marginum
697 673 832 732 alae
869 695 901 732 e
926 673 1394 755 Terminologia
1421 674 1663 754 Illigeri
1699 675 1809 736 de-

38 772 257 843 sumsi‚
308 773 682 833 cellularum
719 793 753 831 e
786 772 1091 831 Methodo
1120 773 1379 833 Jurinei.
1475 773 1634 832 Cum
1658 795 1809 835 vero

26 870 142 929 ’hic
183 891 308 929 non
345 870 464 928 nisi
501 871 767 931 cellulas
807 870 1112 931 cubitales
1141 885 1204 933 et
1230 872 1492 932 radiales
1518 894 1810 955 respexe-

25 970 147 1039 rit,
196 969 469 1051 reliquas
517 970 654 1051 ipse
697 969 1342 1042 denominationibus,
1390 972 1606 1053 quales
1652 972 1810 1032 mihi

39 1082 221 1150 aptae
282 1069 657 1129 videbantur
710 1068 1049 1148 designavi.
1146 1070 1414 1130 Cellulis
1469 1073 1812 1134 secundum

38 1168 441 1229 latitudinem
509 1167 644 1226 alae
715 1166 1155 1239 consideratiS,
1226 1169 1374 1229 illae
1440 1172 1515 1230 ad
1582 1171 1813 1254 margi-

39 1289 180 1327 nem
220 1267 574 1326 breviorem
611 1287 720 1324 seu
754 1266 1069 1348 posticum
1113 1268 1266 1329 sitae
1310 1269 1465 1329 mihi
1505 1284 1814 1351 externae

38 1371 132 1447 (5.
165 1376 221 1430 8.
258 1369 367 1444 10)
406 1376 575 1435 sunt,
623 1363 801 1443 juxta
837 1366 1106 1426 cellulas
1143 1367 1496 1429 humerales
1537 1369 1691 1428 sitae
1718 1375 1812 1430 in-

30 1480 259 1527 ternae
293 1468 382 1544 (7.
429 1466 570 1542 11),
619 1462 784 1522 inter
811 1476 1095 1524 externas
1125 1479 1187 1525 et
1213 1466 1487 1527 internas
1527 1468 1681 1529 sitae
1721 1476 1813 1531 in-

38 1563 386 1625 termediae
424 1563 514 1640 (6.
559 1562 653 1641 9).
749 1563 1143 1624 Cellularum
1182 1564 1606 1629 humeralium
1652 1590 1812 1649 quae

30 1662 115 1720 ad
149 1662 387 1721 radium
426 1660 593 1741 jacet
629 1673 902 1721 externa
942 1662 1047 1742 (1)
1088 1676 1209 1734 est,
1260 1687 1418 1746 quae
1466 1667 1542 1725 ad
1585 1667 1814 1748 margi-

37 1782 177 1820 nem
206 1761 522 1820 internum
551 1765 800 1820 interna
829 1761 952 1841 (3),
1003 1785 1161 1843 quae
1188 1764 1262 1822 ab
1286 1765 1579 1824 ambabus
1608 1767 1815 1826 inclu-

36 1860 207 1918 ditur
265 1859 643 1921 intermedia
695 1859 821 1938 (2).
926 1861 1148 1920 Fallen
1194 1865 1476 1943 partibus
1522 1865 1813 1946 pluribus

31 1959 306 2028 alarum,
379 1958 566 2016 modo
637 1958 994 2029 recensitiS,
1066 1961 1318 2020 nomina
1376 1962 1495 2021 alia
1552 1964 1812 2024 indidit:

37 2058 257 2136 Margo
314 2068 484 2114 totus
543 2055 786 2114 anticus
843 2056 902 2115 ei
961 2069 1055 2116 est
1104 2081 1330 2120 nervus
1377 2065 1642 2123 costalis
1685 2064 1811 2143 (b),

38 2155 258 2235 stigma
294 2166 597 2235 punctum
636 2157 878 2215 costale
913 2154 1045 2235 (a),
1095 2158 1329 2217 cellula
1364 2159 1617 2219 radialis
1657 2184 1815 2223 area

37 2255 302 2314 costulis
342 2255 570 2313 ultima
609 2252 745 2332 (4)·‚
795 2275 984 2334 porro
1025 2256 1247 2315 Fallen
1274 2278 1489 2317 omnes
1526 2261 1811 2334 cellulaS,

38 2373 196 2433 quae
237 2352 474 2410 nullam
509 2372 651 2409 cum
692 2373 883 2412 nervo
926 2354 1178 2426 costali‚
1231 2378 1433 2438 neque
1471 2380 1613 2418 cum
1651 2383 1816 2420 mar-

37 2451 182 2530 gine
222 2449 472 2508 interno
508 2450 773 2522 alarum,
821 2453 1280 2515 connexionem
1317 2455 1578 2530 habent,
1627 2482 1817 2521 areas

39 2548 428 2611 discoidales
450 2547 755 2629 adpellat3
802 2563 1010 2610 nostra
1036 2553 1270 2613 cellula
1298 2556 1593 2617 cubitalis
1621 2558 1816 2620 inter-

36 2646 242 2705 media
279 2646 336 2706 ei
378 2659 471 2705 est
509 2649 730 2708 areola
755 2650 1133 2712 intermedia
1158 2653 1263 2733 (6)
1292 2675 1401 2714 seu
1437 2656 1815 2738 simpliciter

40 2748 298 2813 areolcz5
344 2745 577 2804 cellula
618 2745 979 2808 discoidalis
1015 2748 1387 2812 intermedia
1411 2777 1564 2815 area
1599 2779 1817 2838 specu-

35 2848 199 2906 laris
223 2845 347 2921 (9).
442 2843 770 2905 Brevitatis
796 2869 979 2906 causa
1005 2869 1121 2929 ego
1146 2851 1442 2912 cellulam
1473 2855 1816 2916 cubitalem

41 2941 406 3001 interiorem
458 2953 521 3000 et
575 2944 948 3005 exteriorem
993 2949 1290 3009 cellulam
1340 2956 1705 3014 interiorem
1752 2969 1816 3015 et

41 3043 336 3101 cellulam
366 3046 750 3102 eoeteriorem
780 3045 1187 3126 nuncupabO,
1237 3069 1352 3129 pro
1377 3053 1610 3112 cellula
1639 3055 1818 3114 cubi-

38 3139 152 3197 tali
207 3138 576 3197 intermedia
623 3153 830 3202 autem
882 3144 1258 3225 simpliciter
1304 3149 1815 3214 denominatione

42 3238 301 3298 areolae
328 3249 480 3295 utar.
575 3239 735 3300 Cum
764 3263 929 3312 vem,
978 3242 1142 3304 inter
1167 3245 1276 3307 has
1303 3248 1586 3322 cellulas,
1636 3273 1816 3333 prae-
