1934 3690
621 145 781 184 ΒΑΜ.
833 130 888 195 Ι,
938 141 1129 205 sacr.
1179 145 1234 182 v.
1678 131 1803 187 313

476 278 696 339 Nota:

191 380 451 450 Panzer‚
498 377 563 438 in
596 375 924 437 Revisione
957 377 1047 448 II,
1093 399 1154 460 p.
1187 382 1295 448 63,
1340 373 1500 436 hane
1535 374 1808 459 speciem

65 501 293 539 marem
332 498 464 537 esse
497 476 672 537 Ichn.
710 474 1125 538 ambulatorii
1169 476 1395 555 (nostri
1432 474 1804 554 ναάαἰονίἰ),

67 576 418 645 contendit3
463 573 614 632 mihi
648 586 851 635 autem
891 575 1107 636 eodem
1144 574 1281 656 jure
1320 596 1446 635 mas
1481 574 1655 637 Ichn.
1686 587 1812 635 ter-

69 680 396 736 minatorii
440 693 573 732 esse
618 671 890 746 videtur,
938 696 1077 734 cum
1112 695 1236 756 quo
1286 672 1475 756 magis
1524 673 1813 755 congruit

68 795 252 857 quam
277 794 418 832 cum
442 769 778 834 vadatorio.
847 772 1016 832 Idem
1043 784 1258 832 auctor
1283 772 1466 832 etiam
1491 772 1533 833 l.
1562 795 1615 833 c.
1645 795 1704 855 p.
1733 776 1814 836 64

68 869 447 931 mentionem
486 867 636 927 facit
671 870 1113 932 Ichneumonis
1147 871 1558 933 ambulatorii
1587 871 1816 952 (vada-

69 974 254 1050 torii)
304 981 367 1029 et
408 973 728 1028 ornatorii
774 971 1136 1030 varietatum
1196 971 1523 1052 segmentis
1579 970 1815 1031 ultimis

69 1068 499 1140 immaculatiS‚
547 1068 761 1150 quales
788 1091 903 1151 ego
930 1092 1242 1153 nunquam
1271 1069 1497 1143 inveni,
1544 1070 1664 1131 nisi
1691 1069 1819 1131 sor-

70 1189 177 1228 san
211 1180 427 1227 auctor
461 1167 745 1226 laudatus
781 1169 1263 1232 Ichneumonem
1298 1170 1663 1233 divisoriam
1699 1189 1815 1253 pro

68 1267 180 1326 tali
221 1265 512 1326 varietate
535 1266 713 1326 Ichn.
745 1275 1064 1329 ornatorii
1090 1268 1391 1330 habuerit.
1440 1305 1523 1315 —
1568 1271 1816 1341 Panzer,

70 1367 113 1427 l.
151 1387 204 1426 e.
242 1378 305 1426 et
339 1365 687 1437 Fabricius,
735 1365 799 1424 in
834 1368 988 1447 Syst.
1026 1367 1251 1428 Piezat.
1293 1389 1430 1450 pag.
1463 1374 1570 1438 60,
1619 1389 1676 1427 n.
1717 1373 1816 1437 31,

8 1461 15 1468 ’
70 1469 468 1525 ornatorium
496 1486 631 1523 cum
661 1473 990 1545 negatorio
1014 1466 1432 1548 conjungunt,
1483 1466 1588 1547 qui
1616 1477 1822 1525 autem

69 1563 404 1646 praecipue
471 1563 849 1644 marginibus
931 1577 1388 1646 segmentorum
1459 1564 1823 1624 ultimorum

69 1661 437 1743 ferrugineis
485 1675 547 1722 et
580 1661 919 1721 femoribus
969 1663 1227 1745 posticis
1274 1664 1422 1724 solis
1473 1662 1659 1744 nigris
1704 1661 1823 1721 dif-

69 1759 234 1821 ferre
283 1759 554 1830 videtur,
603 1759 770 1840 quod
819 1762 1094 1843 quidem,
1143 1774 1302 1822 teste
1347 1761 1821 1844 TrentepohliO,

69 1861 113 1922 l.
143 1881 195 1919 c.
228 1859 450 1920 vitium
476 1858 930 1940 descriptionis,
982 1874 1234 1920 naturae
1261 1860 1421 1919 haud
1450 1861 1826 1942 responden-

70 1960 170 2030 tis,
218 1971 327 2029 est,
376 1980 515 2017 cum
543 1958 883 2039 descriptio
909 1959 1436 2040 Trentepohliana
1473 1959 1826 2019 individuo-

70 2081 227 2129 rum,
274 2058 336 2116 in
361 2077 572 2116 museo
598 2055 868 2116 Fabricii
898 2072 1367 2131 asservatorum,
1404 2058 1657 2119 omnino
1681 2081 1825 2118 cum

73 2171 282 2220 nostra
316 2156 525 2238 specie
566 2155 870 2236 congruit.

202 2255 538 2317 Schaefferi
584 2257 750 2315 Icon.
803 2255 925 2316 tab.
978 2262 1085 2328 61,
1131 2256 1232 2338 fig.
1284 2262 1324 2319 7
1368 2255 1491 2318 huc
1533 2255 1824 2338 pertinet,

75 2378 190 2418 nec
235 2356 310 2414 ad
355 2355 642 2415 feminam
691 2355 866 2416 [clm.
906 2356 1229 2418 ‹radatorii
1272 2355 1355 2435 (i.
1396 2378 1450 2416 e.
1498 2360 1829 2417 sarcitorii

74 2457 311 2535 Panz.),
360 2477 499 2514 cum
527 2477 646 2535 qua
673 2456 904 2515 Panzer
930 2478 1061 2515 eam
1090 2453 1435 2535 conjunxit.
1506 2454 1826 2516 Borowski

74 2553 235 2615 hanc
267 2554 510 2614 iconem
548 2553 701 2613 adeo
738 2554 811 2612 ad
847 2557 1020 2617 Ichn.
1049 2560 1476 2616 extensorium
1519 2553 1823 2614 adhibuit.

72 2689 160 2699 —
204 2653 353 2712 Tab.
400 2659 545 2722 116,
595 2654 693 2732 fig.
737 2659 774 2714 6
810 2654 1060 2736 quidem
1101 2660 1499 2715 ornatorium
1534 2653 1829 2713 exhibere

74 2765 308 2835 potest,
358 2752 557 2811 minus
588 2766 870 2813 accurate
908 2765 1109 2814 autem
1137 2775 1319 2835 quam
1349 2753 1471 2813 tab.
1503 2760 1576 2816 61
1597 2800 1612 2825 ,
1660 2753 1760 2835 fig.
1789 2757 1830 2814 7

74 2850 239 2930 picta
269 2863 378 2908 est.
474 2850 770 2909 conferas
804 2851 972 2912 Ichn.
1006 2876 1061 2912 n.
1097 2856 1235 2915 114.

201 2951 299 3008 De
364 2949 780 3011 Iclmeumone
840 2952 1157 3034 pulchello
1224 2949 1439 3010 Christ
1508 2949 1827 3031 ambiguus

77 3069 238 3117 sum,
286 3047 496 3107 differt
547 3049 710 3109 enim
750 3071 782 3109 a
820 3064 1029 3110 nostro
1066 3056 1398 3113 ornatorio
1432 3050 1595 3109 linea
1632 3062 1831 3109 trans-

74 3146 294 3205 versali
338 3148 490 3205 flava
538 3146 697 3208 infra
743 3150 1078 3211 scutellum
1125 3162 1192 3211 et
1239 3150 1348 3229 (ex
1381 3149 1594 3229 icone)
1640 3147 1831 3207 abdo-

76 3244 240 3305 mine
276 3244 516 3305 latiore.
