1934 3690
551 1064 1356 1144 LECTURIS.

78 1262 261 1351 Cum
301 1302 442 1351 ante
484 1289 704 1371 viginti
741 1290 1018 1373 quinque
1052 1310 1241 1350 annos
1274 1286 1577 1349 intimiori
1616 1284 1822 1346 studio

75 1403 632 1465 Ichneumonidum
672 1425 770 1463 me
805 1404 1010 1463 dicare
1046 1403 1442 1485 incepissem,
1499 1421 1642 1460 mox
1676 1419 1821 1480 cog-

70 1516 425 1587 noscebam,
474 1515 538 1575 in
572 1515 687 1574 hac
726 1515 1113 1576 Piezatorum
1146 1514 1382 1575 familia
1421 1515 1645 1574 multas
1685 1533 1819 1572 esse

74 1628 312 1710 species
350 1628 550 1688 adhuc
583 1627 1019 1710 indescripta53
1076 1627 1450 1710 simulatque
1486 1624 1822 1686 consilium

74 1763 383 1824 ceperam,
431 1740 538 1801 has
565 1740 802 1823 species
837 1740 1085 1811 edendi,
1132 1742 1523 1823 propositum
1549 1737 1734 1799 etiam
1758 1737 1825 1796 in

72 1876 175 1915 me
197 1856 576 1927 nascebatur,
603 1853 1109 1936 monographiam
1131 1853 1620 1912 Ichneumonum
1645 1871 1824 1911 euro-

74 1988 371 2048 paeorum
397 1968 846 2039 conscribendi,
894 1988 1017 2049 quo
1042 1966 1431 2048 opusculum,
1477 1976 1665 2047 prout
1687 1963 1822 2024 fieri

71 2093 283 2160 posset
309 2079 672 2151 confectius,
707 2079 770 2138 in
797 2080 1001 2138 lucem
1019 2077 1320 2160 prodiret.
1372 2079 1504 2136 Hoc
1528 2077 1593 2135 in
1616 2076 1822 2136 animo

72 2191 358 2264 volvens,
417 2214 576 2252 anno
631 2198 792 2254 1806
844 2191 1273 2272 entomologos
1319 2190 1686 2261 invitabam,
1755 2203 1824 2250 ut

69 2318 362 2386 coeptum
385 2327 589 2366 meum
616 2304 907 2385 adjuvare
943 2316 1005 2363 et
1039 2301 1549 2362 ichneumonides
1577 2324 1823 2362 suarum

69 2418 391 2498 regionum
421 2440 662 2477 mecum
688 2416 1144 2477 communicare
1170 2416 1424 2475 vellent.
1521 2417 1652 2474 Jam
1673 2427 1824 2473 tunc

66 2529 278 2612 plures
313 2531 713 2612 entomologi‚
762 2530 1138 2590 liberalitate
1172 2541 1235 2589 et
1261 2527 1439 2609 copia
1474 2527 1824 2609 specierum

68 2644 550 2714 commissarum,
599 2643 812 2724 quales
840 2643 943 2703 vix
979 2653 1338 2725 exspectare
1375 2640 1680 2711 auderam,
1728 2640 1824 2698 in-

69 2753 354 2815 vitationi
381 2756 476 2815 illi
501 2755 981 2837 respondebant,
1029 2755 1113 2814 ita
1153 2766 1220 2813 ut
1243 2773 1387 2812 mox
1424 2752 1823 2812 fundamenta

69 2866 550 2948 monographiae
575 2889 808 2950 ponere
845 2889 1109 2950 possem,
1158 2867 1224 2926 in
1251 2864 1428 2946 cujus
1465 2878 1639 2948 parte
1674 2864 1822 2925 lite·

70 2977 228 3037 raria
253 2977 633 3040 bibliotheca
671 2981 972 3041 ditissima
1011 2978 1428 3040 universitatis
1467 2977 1822 3058 gottingen-

72 3089 178 3159 siS,
229 3089 329 3148 ubi
369 3113 442 3151 eo
477 3105 759 3175 tempore
794 3094 1107 3163 docebam,
1157 3091 1426 3152 subsidia
1460 3089 1821 3172 plenissima

65 3200 220 3261 mihi
247 3204 699 3286 suppeditabat,
749 3206 915 3290 quod
953 3226 1198 3289 semper
1231 3202 1438 3265 animo
1471 3200 1819 3285 gratissimo
