<?xml version="1.0" encoding="UTF-8"?>
<!DOCTYPE html PUBLIC "-//W3C//DTD XHTML 1.0 Transitional//EN"
    "http://www.w3.org/TR/xhtml1/DTD/xhtml1-transitional.dtd">
<html xmlns="http://www.w3.org/1999/xhtml" xml:lang="en" lang="en">
 <head>
  <title>
</title>
<meta http-equiv="Content-Type" content="text/html;charset=utf-8" />
  <meta name='ocr-system' content='tesseract 3.04.00' />
  <meta name='ocr-capabilities' content='ocr_page ocr_carea ocr_par ocr_line ocrx_word'/>
</head>
<body>
  <div class='ocr_page' id='page_1' title='image "./ichneumonologiae01grav/ichneumonologiae01grav_0419.png"; bbox 0 0 1934 3690; ppageno 0'>
   <div class='ocr_carea' id='block_1_1' title="bbox 668 145 1866 210">
    <p class='ocr_par' dir='ltr' id='par_1_1' title="bbox 668 145 1866 210">
     <span class='ocr_line' id='line_1_1' title="bbox 668 145 1866 210; baseline 0.004 -12"><span class='ocrx_word' id='word_1_1' title='bbox 668 158 831 199; x_wconf 77' lang='lat' dir='ltr'><strong>FAM.</strong></span> <span class='ocrx_word' id='word_1_2' title='bbox 882 145 937 210; x_wconf 91' lang='lat' dir='ltr'>I,</span> <span class='ocrx_word' id='word_1_3' title='bbox 986 158 1175 198; x_wconf 70' lang='lat' dir='ltr'>snc&#39;r.</span> <span class='ocrx_word' id='word_1_4' title='bbox 1228 158 1308 199; x_wconf 81' lang='lat' dir='ltr'>v1.</span> <span class='ocrx_word' id='word_1_5' title='bbox 1742 146 1866 203; x_wconf 78' lang='lat'>373</span> 
     </span>
    </p>
   </div>
   <div class='ocr_carea' id='block_1_2' title="bbox 84 292 1866 2247">
    <p class='ocr_par' dir='ltr' id='par_1_2' title="bbox 108 292 1862 473">
     <span class='ocr_line' id='line_1_2' title="bbox 110 292 1862 378; baseline 0.002 -27"><span class='ocrx_word' id='word_1_6' title='bbox 110 312 229 352; x_wconf 84' lang='lat' dir='ltr'>ano</span> <span class='ocrx_word' id='word_1_7' title='bbox 283 293 472 365; x_wconf 73' lang='lat' dir='ltr'>flam,</span> <span class='ocrx_word' id='word_1_8' title='bbox 545 306 609 354; x_wconf 90' lang='lat' dir='ltr'>et</span> <span class='ocrx_word' id='word_1_9' title='bbox 649 292 861 375; x_wconf 85' lang='lat' dir='ltr'>potius</span> <span class='ocrx_word' id='word_1_10' title='bbox 909 294 985 354; x_wconf 84' lang='lat' dir='ltr'>ad</span> <span class='ocrx_word' id='word_1_11' title='bbox 1032 293 1353 357; x_wconf 81' lang='lat' dir='ltr'>Ichneum.</span> <span class='ocrx_word' id='word_1_12' title='bbox 1395 295 1862 378; x_wconf 80' lang='lat' dir='ltr'>fasciatorium</span> 
     </span>
     <span class='ocr_line' id='line_1_3' title="bbox 108 391 594 473; baseline 0.006 -22"><span class='ocrx_word' id='word_1_13' title='bbox 108 391 438 473; x_wconf 81' lang='lat' dir='ltr'>redigenda</span> <span class='ocrx_word' id='word_1_14' title='bbox 482 405 594 454; x_wconf 87' lang='lat' dir='ltr'>est.</span> 
     </span>
    </p>

    <p class='ocr_par' dir='ltr' id='par_1_3' title="bbox 86 490 1866 870">
     <span class='ocr_line' id='line_1_4' title="bbox 236 490 1864 555; baseline 0.002 -6"><span class='ocrx_word' id='word_1_15' title='bbox 236 492 568 552; x_wconf 86' lang='lat' dir='ltr'>Caeterum</span> <span class='ocrx_word' id='word_1_16' title='bbox 635 504 841 552; x_wconf 90' lang='lat' dir='ltr'>autem</span> <span class='ocrx_word' id='word_1_17' title='bbox 901 490 1078 552; x_wconf 75' lang='lat' dir='ltr'>Ichn.</span> <span class='ocrx_word' id='word_1_18' title='bbox 1152 491 1540 555; x_wconf 77' lang='lat' dir='ltr'>bidentorius</span> <span class='ocrx_word' id='word_1_19' title='bbox 1607 493 1864 553; x_wconf 85' lang='lat' dir='ltr'>Panzeri</span> 
     </span>
     <span class='ocr_line' id='line_1_5' title="bbox 108 590 1866 670; baseline 0.002 -21"><span class='ocrx_word' id='word_1_20' title='bbox 108 590 390 669; x_wconf 83' lang='lat' dir='ltr'>(Faunae</span> <span class='ocrx_word' id='word_1_21' title='bbox 425 592 568 651; x_wconf 79' lang='lat' dir='ltr'>fasc,</span> <span class='ocrx_word' id='word_1_22' title='bbox 595 593 675 653; x_wconf 89' lang='lat'>45</span> <span class='ocrx_word' id='word_1_23' title='bbox 711 603 754 650; x_wconf 90' lang='lat' dir='ltr'>t.</span> <span class='ocrx_word' id='word_1_24' title='bbox 791 592 898 670; x_wconf 89' lang='lat'>15)</span> <span class='ocrx_word' id='word_1_25' title='bbox 938 604 999 651; x_wconf 89' lang='lat' dir='ltr'>et</span> <span class='ocrx_word' id='word_1_26' title='bbox 1027 590 1362 652; x_wconf 84' lang='lat' dir='ltr'>Schaefferi</span> <span class='ocrx_word' id='word_1_27' title='bbox 1406 592 1614 652; x_wconf 89' lang='lat' dir='ltr'>icones</span> <span class='ocrx_word' id='word_1_28' title='bbox 1641 592 1866 652; x_wconf 86' lang='lat' dir='ltr'>citatae</span> 
     </span>
     <span class='ocr_line' id='line_1_6' title="bbox 107 689 1866 772; baseline 0.002 -26"><span class='ocrx_word' id='word_1_29' title='bbox 107 710 221 747; x_wconf 91' lang='lat' dir='ltr'>nec</span> <span class='ocrx_word' id='word_1_30' title='bbox 257 689 332 747; x_wconf 88' lang='lat' dir='ltr'>ad</span> <span class='ocrx_word' id='word_1_31' title='bbox 361 690 990 772; x_wconf 76' lang='lat' dir='ltr'>quadrimaculatum</span> <span class='ocrx_word' id='word_1_32' title='bbox 1029 712 1141 750; x_wconf 91' lang='lat' dir='ltr'>nec</span> <span class='ocrx_word' id='word_1_33' title='bbox 1168 691 1242 749; x_wconf 88' lang='lat' dir='ltr'>ad</span> <span class='ocrx_word' id='word_1_34' title='bbox 1278 690 1700 753; x_wconf 78' lang='lat' dir='ltr'>bidentorium</span> <span class='ocrx_word' id='word_1_35' title='bbox 1732 712 1866 751; x_wconf 90' lang='lat' dir='ltr'>om-</span> 
     </span>
     <span class='ocr_line' id='line_1_7' title="bbox 86 787 621 870; baseline 0.004 -24"><span class='ocrx_word' id='word_1_36' title='bbox 86 787 254 847; x_wconf 88' lang='lat' dir='ltr'>-nino</span> <span class='ocrx_word' id='word_1_37' title='bbox 299 790 621 870; x_wconf 83' lang='lat' dir='ltr'><strong>quadrant.</strong></span> 
     </span>
    </p>

    <p class='ocr_par' dir='ltr' id='par_1_4' title="bbox 84 887 1865 2247">
     <span class='ocr_line' id='line_1_8' title="bbox 229 887 1865 968; baseline 0.003 -21"><span class='ocrx_word' id='word_1_38' title='bbox 229 887 407 948; x_wconf 82' lang='lat' dir='ltr'>Ichn.</span> <span class='ocrx_word' id='word_1_39' title='bbox 435 893 828 968; x_wconf 79' lang='lat' dir='ltr'>signatorius</span> <span class='ocrx_word' id='word_1_40' title='bbox 845 888 1130 959; x_wconf 84' lang='lat' dir='ltr'>Olivieri,</span> <span class='ocrx_word' id='word_1_41' title='bbox 1160 889 1258 948; x_wconf 89' lang='lat' dir='ltr'>cui</span> <span class='ocrx_word' id='word_1_42' title='bbox 1288 890 1464 950; x_wconf 81' lang='lat' dir='ltr'><em>Iclm.</em></span> <span class='ocrx_word' id='word_1_43' title='bbox 1500 896 1865 952; x_wconf 80' lang='lat' dir='ltr'>notatorius</span> 
     </span>
     <span class='ocr_line' id='line_1_9' title="bbox 103 985 1864 1058; baseline 0.001 -12"><span class='ocrx_word' id='word_1_44' title='bbox 103 985 388 1047; x_wconf 86' lang='lat' dir='ltr'>Villersii</span> <span class='ocrx_word' id='word_1_45' title='bbox 426 988 817 1047; x_wconf 87' lang='lat' dir='ltr'>consociatus</span> <span class='ocrx_word' id='word_1_46' title='bbox 855 1000 964 1058; x_wconf 90' lang='lat' dir='ltr'>est,</span> <span class='ocrx_word' id='word_1_47' title='bbox 1013 988 1340 1048; x_wconf 82' lang='lat' dir='ltr'>abdomine</span> <span class='ocrx_word' id='word_1_48' title='bbox 1377 990 1604 1050; x_wconf 73' lang='lat' dir='ltr'>sulcato</span> <span class='ocrx_word' id='word_1_49' title='bbox 1631 990 1864 1050; x_wconf 86' lang='lat' dir='ltr'>descri-</span> 
     </span>
     <span class='ocr_line' id='line_1_10' title="bbox 101 1085 1863 1172; baseline 0.003 -28"><span class='ocrx_word' id='word_1_50' title='bbox 101 1085 300 1156; x_wconf 79' lang='lat' dir='ltr'>bitur3</span> <span class='ocrx_word' id='word_1_51' title='bbox 326 1087 583 1146; x_wconf 76' lang='lat' dir='ltr'>verbum</span> <span class='ocrx_word' id='word_1_52' title='bbox 612 1087 978 1146; x_wconf 75' lang='lat' dir='ltr'>»falcatum«</span> <span class='ocrx_word' id='word_1_53' title='bbox 1008 1099 1231 1159; x_wconf 88' lang='lat' dir='ltr'>autem,</span> <span class='ocrx_word' id='word_1_54' title='bbox 1282 1111 1393 1147; x_wconf 81' lang='lat' dir='ltr'>nec</span> <span class='ocrx_word' id='word_1_55' title='bbox 1418 1088 1479 1148; x_wconf 91' lang='lat' dir='ltr'>in</span> <span class='ocrx_word' id='word_1_56' title='bbox 1507 1088 1622 1148; x_wconf 87' lang='lat' dir='ltr'>hac</span> <span class='ocrx_word' id='word_1_57' title='bbox 1653 1089 1863 1172; x_wconf 89' lang='lat' dir='ltr'>specie</span> 
     </span>
     <span class='ocr_line' id='line_1_11' title="bbox 102 1185 1864 1270; baseline 0.003 -26"><span class='ocrx_word' id='word_1_58' title='bbox 102 1206 217 1245; x_wconf 89' lang='lat' dir='ltr'>nec</span> <span class='ocrx_word' id='word_1_59' title='bbox 250 1185 314 1244; x_wconf 93' lang='lat' dir='ltr'>in</span> <span class='ocrx_word' id='word_1_60' title='bbox 352 1185 720 1268; x_wconf 87' lang='lat' dir='ltr'>quibusdam</span> <span class='ocrx_word' id='word_1_61' title='bbox 755 1185 923 1256; x_wconf 82' lang='lat' dir='ltr'>aliis,</span> <span class='ocrx_word' id='word_1_62' title='bbox 968 1207 1025 1245; x_wconf 86' lang='lat' dir='ltr'>v.</span> <span class='ocrx_word' id='word_1_63' title='bbox 1067 1207 1118 1244; x_wconf 92' lang='lat' dir='ltr'>c.</span> <span class='ocrx_word' id='word_1_64' title='bbox 1161 1186 1223 1246; x_wconf 88' lang='lat' dir='ltr'>in</span> <span class='ocrx_word' id='word_1_65' title='bbox 1258 1188 1437 1248; x_wconf 80' lang='lat' dir='ltr'>Ichn.</span> <span class='ocrx_word' id='word_1_66' title='bbox 1480 1187 1864 1270; x_wconf 64' lang='lat' dir='ltr'>defensoriO,</span> 
     </span>
     <span class='ocr_line' id='line_1_12' title="bbox 102 1283 1862 1367; baseline 0.002 -25"><span class='ocrx_word' id='word_1_67' title='bbox 102 1283 407 1344; x_wconf 86' lang='lat' dir='ltr'>abdomen</span> <span class='ocrx_word' id='word_1_68' title='bbox 442 1305 865 1367; x_wconf 84' lang='lat' dir='ltr'>compressum</span> <span class='ocrx_word' id='word_1_69' title='bbox 909 1283 1268 1367; x_wconf 89' lang='lat' dir='ltr'>Ophionum</span> <span class='ocrx_word' id='word_1_70' title='bbox 1297 1287 1570 1348; x_wconf 86' lang='lat' dir='ltr'>indicare</span> <span class='ocrx_word' id='word_1_71' title='bbox 1597 1287 1862 1360; x_wconf 86' lang='lat' dir='ltr'>videtur,</span> 
     </span>
     <span class='ocr_line' id='line_1_13' title="bbox 105 1383 1861 1464; baseline 0.003 -22"><span class='ocrx_word' id='word_1_72' title='bbox 105 1383 210 1442; x_wconf 88' lang='lat' dir='ltr'>sed</span> <span class='ocrx_word' id='word_1_73' title='bbox 246 1383 550 1443; x_wconf 89' lang='lat' dir='ltr'>abdomen</span> <span class='ocrx_word' id='word_1_74' title='bbox 589 1397 929 1454; x_wconf 78' lang='lat' dir='ltr'>curvatum,</span> <span class='ocrx_word' id='word_1_75' title='bbox 978 1384 1495 1464; x_wconf 89' lang='lat' dir='ltr'>quemadmodum</span> <span class='ocrx_word' id='word_1_76' title='bbox 1532 1385 1692 1446; x_wconf 85' lang='lat' dir='ltr'>haud</span> <span class='ocrx_word' id='word_1_77' title='bbox 1722 1407 1861 1447; x_wconf 85' lang='lat' dir='ltr'>raro</span> 
     </span>
     <span class='ocr_line' id='line_1_14' title="bbox 102 1480 1860 1566; baseline 0.003 -25"><span class='ocrx_word' id='word_1_78' title='bbox 102 1482 168 1542; x_wconf 87' lang='lat' dir='ltr'>in</span> <span class='ocrx_word' id='word_1_79' title='bbox 205 1481 540 1542; x_wconf 73' lang='lat' dir='ltr'>individuis</span> <span class='ocrx_word' id='word_1_80' title='bbox 580 1483 844 1543; x_wconf 80' lang='lat' dir='ltr'>mortuis</span> <span class='ocrx_word' id='word_1_81' title='bbox 885 1504 949 1550; x_wconf 87' lang='lat' dir='ltr'>se</span> <span class='ocrx_word' id='word_1_82' title='bbox 989 1480 1261 1542; x_wconf 76' lang='lat' dir='ltr'>exhibet.</span> <span class='ocrx_word' id='word_1_83' title='bbox 1298 1518 1383 1527; x_wconf 93' lang='grc'>--</span> <span class='ocrx_word' id='word_1_84' title='bbox 1419 1485 1585 1544; x_wconf 87' lang='lat' dir='ltr'>Haec</span> <span class='ocrx_word' id='word_1_85' title='bbox 1622 1487 1860 1566; x_wconf 88' lang='lat' dir='ltr'>species</span> 
     </span>
     <span class='ocr_line' id='line_1_15' title="bbox 98 1581 1859 1664; baseline 0.002 -24"><span class='ocrx_word' id='word_1_86' title='bbox 98 1602 225 1640; x_wconf 87' lang='lat' dir='ltr'>non</span> <span class='ocrx_word' id='word_1_87' title='bbox 261 1581 458 1639; x_wconf 88' lang='lat' dir='ltr'>solum</span> <span class='ocrx_word' id='word_1_88' title='bbox 500 1582 1103 1664; x_wconf 78' lang='lat' dir='ltr'>quadrimaculatO,</span> <span class='ocrx_word' id='word_1_89' title='bbox 1149 1581 1252 1640; x_wconf 91' lang='lat' dir='ltr'>sed</span> <span class='ocrx_word' id='word_1_90' title='bbox 1295 1581 1478 1640; x_wconf 85' lang='lat' dir='ltr'>etiam</span> <span class='ocrx_word' id='word_1_91' title='bbox 1507 1584 1859 1646; x_wconf 78' lang='lat' dir='ltr'>xanthorio</span> 
     </span>
     <span class='ocr_line' id='line_1_16' title="bbox 84 1677 1857 1760; baseline 0.001 -19"><span class='ocrx_word' id='word_1_92' title='bbox 84 1693 166 1741; x_wconf 64' lang='lat' dir='ltr'>&gt;et</span> <span class='ocrx_word' id='word_1_93' title='bbox 201 1681 586 1760; x_wconf 80' lang='lat' dir='ltr'>infractorio</span> <span class='ocrx_word' id='word_1_94' title='bbox 631 1680 834 1740; x_wconf 87' lang='lat' dir='ltr'>affinis</span> <span class='ocrx_word' id='word_1_95' title='bbox 882 1700 1016 1740; x_wconf 90' lang='lat' dir='ltr'>esse</span> <span class='ocrx_word' id='word_1_96' title='bbox 1055 1677 1330 1749; x_wconf 85' lang='lat' dir='ltr'>videtur,</span> <span class='ocrx_word' id='word_1_97' title='bbox 1401 1695 1615 1742; x_wconf 79' lang='lat' dir='ltr'>exacte</span> <span class='ocrx_word' id='word_1_98' title='bbox 1651 1696 1857 1743; x_wconf 89' lang='lat' dir='ltr'>autem</span> 
     </span>
     <span class='ocr_line' id='line_1_17' title="bbox 102 1777 1860 1864; baseline 0.002 -25"><span class='ocrx_word' id='word_1_99' title='bbox 102 1802 240 1839; x_wconf 89' lang='lat' dir='ltr'>cum</span> <span class='ocrx_word' id='word_1_100' title='bbox 290 1779 469 1838; x_wconf 89' lang='lat' dir='ltr'>nullo</span> <span class='ocrx_word' id='word_1_101' title='bbox 519 1779 825 1862; x_wconf 83' lang='lat' dir='ltr'>congruit,</span> <span class='ocrx_word' id='word_1_102' title='bbox 874 1814 959 1825; x_wconf 87' lang='lat'>—-</span> <span class='ocrx_word' id='word_1_103' title='bbox 1003 1779 1140 1837; x_wconf 88' lang='lat' dir='ltr'>Huc</span> <span class='ocrx_word' id='word_1_104' title='bbox 1175 1790 1379 1836; x_wconf 88' lang='lat' dir='ltr'>autem</span> <span class='ocrx_word' id='word_1_105' title='bbox 1420 1777 1582 1839; x_wconf 87' lang='lat' dir='ltr'>haud</span> <span class='ocrx_word' id='word_1_106' title='bbox 1621 1795 1860 1864; x_wconf 84' lang='lat' dir='ltr'>spectat</span> 
     </span>
     <span class='ocr_line' id='line_1_18' title="bbox 99 1875 1857 1960; baseline 0.001 -21"><span class='ocrx_word' id='word_1_107' title='bbox 99 1879 279 1940; x_wconf 74' lang='lat' dir='ltr'>Jclzn.</span> <span class='ocrx_word' id='word_1_108' title='bbox 308 1883 701 1958; x_wconf 76' lang='lat' dir='ltr'>signatorius</span> <span class='ocrx_word' id='word_1_109' title='bbox 725 1879 904 1937; x_wconf 86' lang='lat' dir='ltr'>Fabr.</span> <span class='ocrx_word' id='word_1_110' title='bbox 945 1878 1250 1958; x_wconf 87' lang='lat' dir='ltr'>(Cryptus</span> <span class='ocrx_word' id='word_1_111' title='bbox 1278 1875 1457 1935; x_wconf 83' lang='lat' dir='ltr'>Fabr.</span> <span class='ocrx_word' id='word_1_112' title='bbox 1486 1880 1705 1960; x_wconf 89' lang='lat' dir='ltr'>Piez.),</span> <span class='ocrx_word' id='word_1_113' title='bbox 1743 1903 1857 1941; x_wconf 87' lang='lat' dir='ltr'>nec</span> 
     </span>
     <span class='ocr_line' id='line_1_19' title="bbox 100 1974 1855 2062; baseline -0.005 -23"><span class='ocrx_word' id='word_1_114' title='bbox 100 1977 277 2039; x_wconf 80' lang='lat' dir='ltr'>Ichn.</span> <span class='ocrx_word' id='word_1_115' title='bbox 313 1983 674 2037; x_wconf 80' lang='lat' dir='ltr'>notatorius</span> <span class='ocrx_word' id='word_1_116' title='bbox 707 1975 1146 2037; x_wconf 84' lang='lat' dir='ltr'>Walckenaeri</span> <span class='ocrx_word' id='word_1_117' title='bbox 1178 1987 1240 2034; x_wconf 88' lang='lat' dir='ltr'>et</span> <span class='ocrx_word' id='word_1_118' title='bbox 1275 1974 1537 2036; x_wconf 73' lang='lat' dir='ltr'>Olivieri</span> <span class='ocrx_word' id='word_1_119' title='bbox 1578 1978 1719 2060; x_wconf 89' lang='lat' dir='ltr'>(qui</span> <span class='ocrx_word' id='word_1_120' title='bbox 1746 2000 1855 2062; x_wconf 72' lang='lat' dir='ltr'>po.</span> 
     </span>
     <span class='ocr_line' id='line_1_20' title="bbox 99 2073 1852 2156; baseline 0.001 -20"><span class='ocrx_word' id='word_1_121' title='bbox 99 2077 226 2136; x_wconf 84' lang='lat' dir='ltr'>tius</span> <span class='ocrx_word' id='word_1_122' title='bbox 261 2075 335 2135; x_wconf 84' lang='lat' dir='ltr'>ad</span> <span class='ocrx_word' id='word_1_123' title='bbox 372 2075 697 2136; x_wconf 75' lang='lat' dir='ltr'>Bonchum</span> <span class='ocrx_word' id='word_1_124' title='bbox 731 2076 1133 2156; x_wconf 77' lang='lat' dir='ltr'>sulcatorem</span> <span class='ocrx_word' id='word_1_125' title='bbox 1172 2073 1388 2133; x_wconf 86' lang='lat' dir='ltr'>referri</span> <span class='ocrx_word' id='word_1_126' title='bbox 1426 2079 1697 2156; x_wconf 87' lang='lat' dir='ltr'>potest),</span> <span class='ocrx_word' id='word_1_127' title='bbox 1737 2101 1852 2138; x_wconf 84' lang='lat' dir='ltr'>nec</span> 
     </span>
     <span class='ocr_line' id='line_1_21' title="bbox 101 2171 1853 2247; baseline 0.001 -10"><span class='ocrx_word' id='word_1_128' title='bbox 101 2176 275 2237; x_wconf 83' lang='lat' dir='ltr'>Ichn.</span> <span class='ocrx_word' id='word_1_129' title='bbox 317 2180 677 2236; x_wconf 83' lang='lat' dir='ltr'>notatorius</span> <span class='ocrx_word' id='word_1_130' title='bbox 714 2174 780 2234; x_wconf 87' lang='lat' dir='ltr'>in</span> <span class='ocrx_word' id='word_1_131' title='bbox 814 2171 1067 2232; x_wconf 86' lang='lat' dir='ltr'>Panzeri</span> <span class='ocrx_word' id='word_1_132' title='bbox 1103 2173 1312 2231; x_wconf 84' lang='lat' dir='ltr'>Fauna</span> <span class='ocrx_word' id='word_1_133' title='bbox 1350 2172 1691 2247; x_wconf 81' lang='lat' dir='ltr'>exhibitus,</span> <span class='ocrx_word' id='word_1_134' title='bbox 1739 2199 1853 2238; x_wconf 87' lang='lat' dir='ltr'>nec</span> 
     </span>
    </p>
   </div>
   <div class='ocr_carea' id='block_1_3' title="bbox 100 2269 1358 2338">
    <p class='ocr_par' dir='ltr' id='par_1_5' title="bbox 100 2269 1358 2338">
     <span class='ocr_line' id='line_1_22' title="bbox 100 2269 1358 2338; baseline -0.004 -1"><span class='ocrx_word' id='word_1_135' title='bbox 100 2275 280 2338; x_wconf 80' lang='lat' dir='ltr'>Ichn.</span> <span class='ocrx_word' id='word_1_136' title='bbox 321 2279 683 2336; x_wconf 75' lang='lat' dir='ltr'>notatorius</span> <span class='ocrx_word' id='word_1_137' title='bbox 717 2271 966 2335; x_wconf 88' lang='lat' dir='ltr'>Thunb.</span> <span class='ocrx_word' id='word_1_138' title='bbox 1002 2269 1176 2333; x_wconf 86' lang='lat' dir='ltr'>lehn.</span> <span class='ocrx_word' id='word_1_139' title='bbox 1214 2273 1358 2338; x_wconf 84' lang='lat'>540.</span> 
     </span>
    </p>
   </div>
   <div class='ocr_carea' id='block_1_4' title="bbox 598 2539 1467 2643">
    <p class='ocr_par' dir='ltr' id='par_1_6' title="bbox 598 2539 1467 2643">
     <span class='ocr_line' id='line_1_23' title="bbox 598 2539 1467 2643; baseline -0.01 -43"><span class='ocrx_word' id='word_1_140' title='bbox 598 2544 716 2600; x_wconf 83' lang='lat'><strong>143.</strong></span> <span class='ocrx_word' id='word_1_141' title='bbox 787 2539 832 2597; x_wconf 85' lang='lat'>1.</span> <span class='ocrx_word' id='word_1_142' title='bbox 845 2539 1366 2643; x_wconf 54' lang='lat' dir='ltr'>QJOEQRAEHS·</span> <span class='ocrx_word' id='word_1_143' title='bbox 1460 2565 1467 2569; x_wconf 96' lang='lat'>-</span> 
     </span>
    </p>
   </div>
   <div class='ocr_carea' id='block_1_5' title="bbox 434 2677 1850 2748">
    <p class='ocr_par' dir='ltr' id='par_1_7' title="bbox 434 2677 1850 2748">
     <span class='ocr_line' id='line_1_24' title="bbox 434 2677 1850 2748; baseline -0.005 -13"><span class='ocrx_word' id='word_1_144' title='bbox 434 2685 847 2747; x_wconf 86' lang='lat' dir='ltr'>Segmentorum</span> <span class='ocrx_word' id='word_1_145' title='bbox 895 2691 928 2748; x_wconf 81' lang='lat'><strong>2</strong></span> <span class='ocrx_word' id='word_1_146' title='bbox 967 2690 1022 2734; x_wconf 89' lang='lat' dir='ltr'>et</span> <span class='ocrx_word' id='word_1_147' title='bbox 1069 2689 1103 2746; x_wconf 73' lang='grc'><strong>3</strong></span> <span class='ocrx_word' id='word_1_148' title='bbox 1143 2677 1354 2734; x_wconf 83' lang='lat' dir='ltr'>macula</span> <span class='ocrx_word' id='word_1_149' title='bbox 1387 2677 1624 2746; x_wconf 81' lang='lat' dir='ltr'>laterali,</span> <span class='ocrx_word' id='word_1_150' title='bbox 1690 2686 1850 2743; x_wconf 80' lang='lat'>4-6</span> 
     </span>
    </p>
   </div>
   <div class='ocr_carea' id='block_1_6' title="bbox 428 2764 1850 3086">
    <p class='ocr_par' dir='ltr' id='par_1_8' title="bbox 428 2764 1850 3086">
     <span class='ocr_line' id='line_1_25' title="bbox 428 2764 1850 2837; baseline 0 -19"><span class='ocrx_word' id='word_1_151' title='bbox 428 2767 780 2837; x_wconf 82' lang='lat' dir='ltr'>marginibus,</span> <span class='ocrx_word' id='word_1_152' title='bbox 821 2764 998 2830; x_wconf 79' lang='lat' dir='ltr'>ssavis;</span> <span class='ocrx_word' id='word_1_153' title='bbox 1039 2766 1194 2817; x_wconf 82' lang='lat' dir='ltr'>tarsis</span> <span class='ocrx_word' id='word_1_154' title='bbox 1228 2764 1487 2835; x_wconf 83' lang='lat' dir='ltr'>tibiisque</span> <span class='ocrx_word' id='word_1_155' title='bbox 1519 2766 1850 2818; x_wconf 82' lang='lat' dir='ltr'>stramineo-</span> 
     </span>
     <span class='ocr_line' id='line_1_26' title="bbox 428 2848 1850 2921; baseline 0 -21"><span class='ocrx_word' id='word_1_156' title='bbox 428 2849 602 2915; x_wconf 71' lang='lat' dir='ltr'>ssavis‚</span> <span class='ocrx_word' id='word_1_157' title='bbox 645 2852 790 2903; x_wconf 85' lang='lat' dir='ltr'>tibiis</span> <span class='ocrx_word' id='word_1_158' title='bbox 825 2849 1055 2921; x_wconf 83' lang='lat' dir='ltr'>posticis</span> <span class='ocrx_word' id='word_1_159' title='bbox 1099 2849 1249 2919; x_wconf 86' lang='lat' dir='ltr'>apice</span> <span class='ocrx_word' id='word_1_160' title='bbox 1276 2850 1456 2920; x_wconf 78' lang='lat' dir='ltr'>nigro,</span> <span class='ocrx_word' id='word_1_161' title='bbox 1511 2868 1582 2899; x_wconf 91' lang='lat' dir='ltr'>m.</span> <span class='ocrx_word' id='word_1_162' title='bbox 1615 2848 1652 2899; x_wconf 89' lang='lat' dir='ltr'>f.</span> <span class='ocrx_word' id='word_1_163' title='bbox 1709 2852 1850 2915; x_wconf 75' lang='lat' dir='ltr'>(mas</span> 
     </span>
     <span class='ocr_line' id='line_1_27' title="bbox 431 2931 1847 3001; baseline 0.001 -17"><span class='ocrx_word' id='word_1_164' title='bbox 431 2932 566 2986; x_wconf 83' lang='lat' dir='ltr'>facie</span> <span class='ocrx_word' id='word_1_165' title='bbox 603 2934 712 2987; x_wconf 87' lang='lat' dir='ltr'>sere</span> <span class='ocrx_word' id='word_1_166' title='bbox 743 2943 856 2988; x_wconf 84' lang='lat' dir='ltr'>tota</span> <span class='ocrx_word' id='word_1_167' title='bbox 890 2934 1049 2998; x_wconf 84' lang='lat' dir='ltr'>ssava;</span> <span class='ocrx_word' id='word_1_168' title='bbox 1075 2935 1297 3001; x_wconf 76' lang='lat' dir='ltr'>semina</span> <span class='ocrx_word' id='word_1_169' title='bbox 1328 2932 1522 2986; x_wconf 86' lang='lat' dir='ltr'>orbitis</span> <span class='ocrx_word' id='word_1_170' title='bbox 1562 2931 1847 2985; x_wconf 85' lang='lat' dir='ltr'>oculorum</span> 
     </span>
     <span class='ocr_line' id='line_1_28' title="bbox 430 3016 886 3086; baseline 0 -17"><span class='ocrx_word' id='word_1_171' title='bbox 430 3016 656 3071; x_wconf 86' lang='lat' dir='ltr'>internis</span> <span class='ocrx_word' id='word_1_172' title='bbox 695 3018 886 3086; x_wconf 82' lang='lat' dir='ltr'>ssavis).</span> 
     </span>
    </p>
   </div>
   <div class='ocr_carea' id='block_1_7' title="bbox 78 3156 1845 3337">
    <p class='ocr_par' dir='ltr' id='par_1_9' title="bbox 78 3156 1845 3337">
     <span class='ocr_line' id='line_1_29' title="bbox 221 3156 1845 3245; baseline 0.003 -27"><span class='ocrx_word' id='word_1_173' title='bbox 221 3157 499 3221; x_wconf 82' lang='lat' dir='ltr'>Statura</span> <span class='ocrx_word' id='word_1_174' title='bbox 525 3172 589 3222; x_wconf 87' lang='lat' dir='ltr'>et</span> <span class='ocrx_word' id='word_1_175' title='bbox 613 3159 941 3245; x_wconf 84' lang='lat' dir='ltr'>proportio</span> <span class='ocrx_word' id='word_1_176' title='bbox 973 3157 1246 3244; x_wconf 86' lang='lat' dir='ltr'>partium</span> <span class='ocrx_word' id='word_1_177' title='bbox 1277 3156 1719 3222; x_wconf 81' lang='lat' dir='ltr'>Ichneumonis</span> <span class='ocrx_word' id='word_1_178' title='bbox 1753 3164 1845 3223; x_wconf 87' lang='lat' dir='ltr'>in-</span> 
     </span>
     <span class='ocr_line' id='line_1_30' title="bbox 78 3257 414 3337; baseline 0.003 -20"><span class='ocrx_word' id='word_1_179' title='bbox 78 3257 414 3337; x_wconf 80' lang='lat' dir='ltr'>fractorii.</span> 
     </span>
    </p>
   </div>
  </div>
 </body>
</html>
