1934 3690
603 168 767 212 um.
814 155 868 222 I,
914 168 1100 210 sacr.
1152 172 1231 210 ix.
1668 159 1792 217 593

171 306 437 370 Unicum
480 304 665 364 maris
709 303 1095 366 individuum
1145 304 1309 367 circa
1361 306 1793 375 Warmbrunn

47 418 298 488 captum
323 406 603 485 Manger
631 425 873 464 mecum
908 403 1408 464 communicavit.
1497 407 1794 471 Feminae

46 501 318 566 maribus
359 515 502 563 sunt
535 502 734 561 multo
769 502 1254 584 frequentiores3
1301 523 1441 562 nam
1476 506 1793 568 varietatis

48 603 285 687 primae
340 614 743 662 antennarum
810 599 1125 660 individua
1188 601 1389 684 pluria
1443 604 1672 687 passim
1731 605 1796 667 in

48 703 282 765 Silesia
317 711 495 782 capta
530 711 699 770 sunt,
747 698 884 780 ipse
919 721 1109 758 unum
1144 700 1245 760 die
1279 699 1483 782 primo
1519 704 1798 788 Septem-

49 800 178 862 bris
213 800 278 861 in
310 798 604 881 Angelica
642 796 928 881 sylvestri
966 819 1161 881 prope
1186 799 1442 860 Reitierz
1475 802 1796 884 prehendi,

49 900 175 960 duo
220 899 383 959 circa
432 897 808 980 Trajectum
857 894 947 958 ad
985 897 1287 958 Moenum
1327 910 1391 959 et
1438 899 1503 960 in
1552 905 1801 966 Tauria

50 1011 231 1082 capta
275 997 630 1058 transmissa
666 1008 839 1067 sunt3
886 995 1199 1057 varietatis
1247 998 1551 1060 secundae
1599 1001 1802 1084 speci-

51 1098 217 1158 mina
244 1098 362 1157 tria
393 1102 721 1158 austriaca
748 1095 989 1178 accepi3
1035 1096 1350 1156 varietatis
1383 1097 1605 1159 tertiae
1640 1099 1803 1159 indi·-

48 1197 238 1259 .vidua
271 1197 397 1256 duo
420 1195 583 1255 circa
615 1197 1079 1259 Vratislaviam
1116 1206 1179 1255 et
1208 1194 1419 1257 'mense
1443 1199 1699 1280 Augusti
1737 1199 1803 1260 in

53 1295 411 1357 umbellatis
448 1315 644 1376 prope
675 1292 1032 1356 Salzbrunn
1071 1293 1239 1377 cepi,
1285 1293 1411 1355 duo
1456 1296 1577 1358 alia
1622 1296 1805 1362 Dahl

56 1417 133 1458 ex
165 1397 439 1459 Austria
471 1392 830 1453 transmisit.

695 1643 1168 1708 Varietates:

190 1792 244 1850 1.
294 1783 666 1849 Femoribus
685 1791 947 1870 posticis
969 1792 1184 1867 nigris.
1228 1784 1270 1846 f.
1314 1819 1400 1832 —
1440 1785 1719 1852 Statura
1742 1804 1807 1853 et

60 1887 387 1970 proportio
422 1885 690 1969 partium
731 1885 960 1967 speciei
1000 1885 1331 1966 genuinae,
1380 1887 1487 1946 sed
1524 1891 1807 1951 antennis

60 1985 192 2046 fere
219 1984 418 2044 adhuc
443 1984 834 2046 brevioribus
858 1997 922 2043 et
946 1984 1348 2044 crassioribus
1372 2007 1552 2067 quam
1579 1989 1642 2048 in
1669 2011 1808 2071 spe·-

59 2083 158 2145 cie
180 2096 495 2166 sequente.
541 2119 624 2129 —
670 2083 1034 2163 Longituclo
1059 2085 1164 2158 272
1198 2084 1518 2145 linearum.
1569 2090 1812 2148 Anten-

60 2205 181 2243 nae
215 2182 615 2254 convolutae,
661 2182 920 2243 dimidio
962 2203 1225 2263 corpore
1272 2183 1614 2256 breviores,
1662 2189 1811 2247 arti-

63 2281 223 2342 culis
256 2285 436 2342 1—-4
472 2281 635 2341 rufis.
723 2283 892 2342 Alae
922 2280 1480 2363 fumatohyalinae,
1526 2283 1811 2365 stigmate

62 2380 238 2442 radio
262 2393 325 2439 et
346 2380 665 2460 squamula
690 2378 896 2450 fusciS,
937 2380 1142 2440 radice
1170 2380 1514 2441 straminea.
1612 2382 1811 2446 Pedes

66 2478 292 2563 postici
331 2479 502 2538 coxis
541 2478 985 2560 nigricantibus
1034 2478 1210 2561 apice
1254 2480 1422 2551 rufa,
1470 2480 1810 2544 femoribus

66 2577 256 2660 nigris
281 2576 410 2636 basi
440 2576 590 2648 rusa,
637 2577 808 2636 tibiis
832 2576 1008 2658 apice
1032 2577 1225 2659 nigro.
1314 2577 1649 2642 Abdomen
1677 2605 1813 2665 seg·-

66 2676 292 2738 mentis
318 2683 359 2737 2
382 2689 444 2736 et
472 2685 509 2739 3
550 2677 727 2745 totis,
777 2680 815 2737 4
840 2675 1111 2757 margine
1149 2677 1424 2749 laterali,
1472 2681 1641 2740 rufiS.

163 2777 336 2835 Hanc
360 2774 649 2835 feminam
676 2775 954 2855 Manger
975 2774 1138 2836 circa
1171 2778 1256 2839 W
1256 2775 1598 2839 armbrunn
1627 2779 1811 2862 cepit.

194 2981 254 3036 2.
310 2968 682 3034 Femoribus
725 2971 1009 3035 omnibus
1032 2974 1593 3056 suscomaculatis.
1642 2976 1684 3037 f.
1731 3011 1818 3024 —·-

71 3072 352 3135 Statura
387 3084 450 3132 et
485 3070 810 3154 proportio
847 3073 1115 3154 partium
1153 3075 1406 3135 omnino
1443 3075 1674 3158 speciei
1712 3097 1819 3156 ge-

76 3173 302 3234 nuinae
325 3182 390 3231 et
412 3170 780 3230 feminarum
800 3171 977 3236 Ichn.
1002 3176 1427 3257 pusillatoris,
1460 3197 1517 3234 n.
1544 3176 1688 3237 258.
1734 3205 1822 3219 --

184 3281 328 3326 Ichn-
357 3282 541 3342 Europ.
571 3281 686 3325 Pan
713 3281 757 3325 1.
1262 3278 1344 3337 88
