1997 3680
118 108 246 167 360
599 117 603 121 ·
773 110 1221 152 lanssnmoN

116 254 298 321 Ichn.
339 251 777 334 vaginatorius
819 245 999 311 Fabr.
1051 244 1215 309 Ent..
1242 266 1305 329 p.
1350 249 1499 318 143,
1545 267 1604 305 n.
1643 247 1744 308 42,
1791 278 1878 293 -..

433 418 435 420 ,
469 351 631 411 Piez.
669 370 730 430 p.
761 352 870 418 62,
918 370 976 406 n.
1008 353 1106 410 39.
1868 403 1872 406 .

207 502 245 529 ,,
334 455 569 514 Panzer
609 447 850 518 Fauna,
897 447 1072 511 Fasc‚
1114 451 1223 517 79,
1268 442 1393 509 tab.
1435 449 1491 514 8,
1529 450 1597 512 93
1642 442 1880 503 raroin

476 544 889 609 umbelliferis
926 545 1002 604 ad
1039 565 1336 626 aquarum
1373 562 1672 607 versuras,

208 698 244 725 „
335 645 733 709 Cederhielm
770 665 830 726 p.
866 645 1014 715 158,
1062 667 1119 704 n.
1150 643 1294 706 485.

213 796 249 824 ‚,
340 747 612 809 Schrank
635 744 819 805 Boica
844 766 905 826 p.
934 750 1088 815 273,
1136 767 1194 804 n.
1223 748 1420 812 20713
1468 739 1730 824 ubique,
1778 739 1886 800 sed
1996 804 1997 809 η

479 844 647 906 haud
671 843 993 925 frequenS‚
1042 843 1106 902 in
1134 863 1276 904 rure
1303 840 1490 923 degit.

214 995 252 1022 ‚,
341 943 656 1011 Gravenh.
702 942 945 1004 Pedem.
985 965 1041 1002 n.
1072 946 1172 1006 48.

213 1095 250 1121 ,‚
337 1048 635 1126 Trentep.
674 1042 740 1102 in
765 1041 927 1100 Iside
958 1049 1147 1114 1826,
1196 1061 1256 1122 Ρ.
1288 1040 1395 1110 85,
1445 1061 1502 1099 n.
1532 1046 1632 1105 30.

219 1195 255 1220 ‚‚
347 1143 645 1206 Latreille
686 1143 890 1201 Crust.
922 1141 1108 1212 XIII,
1155 1163 1215 1221 p.
1251 1145 1390 1202 186.

133 1247 312 1310 Ichn.
356 1240 692 1305 Schaefferi
732 1243 901 1300 Icon.
930 1241 1052 1299 tab.
1085 1247 1193 1310 83,
1240 1239 1342 1318 fig.
1371 1244 1426 1298 8.

133 1345 313 1410 Ichn.
354 1346 755 1408 curvatorius
797 1337 980 1398 Miill.
1034 1337 1241 1403 Prodr,
1296 1359 1355 1396 n.
1399 1341 1561 1397 1782
1609 1335 1892 1415 (exclusa

484 1442 673 1503 citata
724 1437 1060 1499 Schaefferi
1110 1439 1281 1497 Icon.
1340 1434 1466 1495 tab.
1516 1443 1626 1506 20,
1683 1434 1783 1516 fig.
1833 1443 1892 1506 9,

391 1600 394 1602 ,
487 1561 647 1623 quae
686 1537 894 1621 potius
933 1536 1009 1596 ad
1034 1536 1213 1599 Ichn.
1244 1537 1696 1618 infractorium
1721 1532 1896 1594 adhi-

489 1638 688 1699 benda
728 1637 875 1718 est).

141 1737 633 1815 Ichn.flavatus
658 1736 866 1797 Gmel.
898 1735 991 1795 ed.
1032 1733 1211 1794 Linn.
1245 1755 1305 1815 p.
1335 1736 1531 1803 2684,
1580 1755 1638 1792 ῐι.
1665 1737 1810 1795 237.

144 1837 322 1907 Ichn.
350 1843 783 1920 ,tripunctatus
810 1833 1000 1896 Gmel
1025 1833 1119 1893 ed.
1154 1833 1334 1893 Linn.
1363 1855 1423 1914 p.
1452 1835 1638 1902 2684,
1686 1854 1743 1890 n.
1774 1833 1900 1899 244

495 1936 580 2016 (si
626 1955 850 2016 nempe
901 1930 1088 1992 verba
1133 1931 1476 1992 Leskeana:
1535 1928 1902 2011 »segmentis

497 2033 777 2118 »postice
825 2029 1070 2103 flavi3,<‹
1119 2031 1197 2092 de
1237 2029 1510 2113 margine
1557 2040 1906 2112 segmento-

497 2157 636 2200 rum
671 2130 1071 2216 interpetrari
1109 2131 1426 2215 possunt),

574 2319 797 2378 Nota:

284 2428 605 2490 Fabricius
646 2430 743 2509 (in
784 2432 940 2512 Syst.
967 2430 1168 2510 Piez.)
1205 2440 1269 2490 et
1300 2429 1536 2488 Panzer
1568 2424 1663 2506 (in
1698 2425 1912 2486 Fauna

123 2540 226 2607 „pt
260 2527 543 2589 inRevis.
571 2550 630 2610 p.
661 2531 772 2609 65)
808 2530 882 2588 ad
914 2529 1074 2591 hanc
1113 2529 1384 2612 speciem
1417 2525 1695 2587 referunt
1724 2524 1914 2585 etiam

163 2627 500 2698 Schaefferi
533 2629 701 2688 Icon.
739 2628 861 2688 tab.
903 2637 1012 2701 83,
1060 2629 1160 2711 fig.
1196 2635 1235 2692 7
1250 2653 1266 2700 ;
1311 2619 1543 2688 Panzei·
1578 2625 1731 2685 adeo
1766 2645 1915 2683 con-.-

162 2726 392 2797 tendit,
439 2726 695 2807 figuram
739 2727 918 2786 istam
959 2727 1138 2794 Ichn.
1174 2731 1640 2810 vaginatorium
1687 2723 1913 2783 melius

167 2824 461 2893 exhibere
511 2848 692 2907 quam
747 2827 939 2908 figura
980 2834 1035 2889 8.
1128 2828 1364 2893 Differt
1400 2838 1605 2886 autem
1646 2824 1841 2905 figura
1875 2829 1916 2886 7

169 2949 201 2989 a
250 2937 458 2993 nostra
505 2924 740 3005 specie,
789 2925 1132 2990 abdominis
1180 2926 1425 3010 pictura
1466 2935 1529 2984 et
1576 2923 1916 2985 femoribus

165 3023 451 3085 omnibus
480 3024 1002 3105 nigromaculatis,
1030 3026 1253 3106 quibus
1277 3024 1485 3084 forsan
1511 3022 1755 3084 meliori
1779 3021 1919 3104 jure

164 3123 239 3196 ad
261 3122 439 3189 Ichn.
475 3128 922 3187 mercatoriam
958 3121 1235 3184 adhiberi
1264 3135 1502 3205 posset,
1526 3176 1529 3179 .
1551 3121 1651 3182 cui
1689 3123 1923 3183 Panzer

163 3222 239 3288 ad
289 3210 552 3289 Schaeff.
611 3242 746 3289 eam
801 3218 987 3288 etiam
1041 3219 1265 3302 junxit,
1324 3258 1408 3267 —-
1460 3223 1534 3287 In
1589 3219 1924 3287 Revisione
