<?xml version="1.0" encoding="UTF-8"?>
<!DOCTYPE html PUBLIC "-//W3C//DTD XHTML 1.0 Transitional//EN"
    "http://www.w3.org/TR/xhtml1/DTD/xhtml1-transitional.dtd">
<html xmlns="http://www.w3.org/1999/xhtml" xml:lang="en" lang="en">
 <head>
  <title>
</title>
<meta http-equiv="Content-Type" content="text/html;charset=utf-8" />
  <meta name='ocr-system' content='tesseract 3.04.00' />
  <meta name='ocr-capabilities' content='ocr_page ocr_carea ocr_par ocr_line ocrx_word'/>
</head>
<body>
  <div class='ocr_page' id='page_1' title='image "./ichneumonologiae01grav/ichneumonologiae01grav_0041.png"; bbox 0 0 1934 3690; ppageno 0'>
   <div class='ocr_carea' id='block_1_1' title="bbox 411 803 1436 881">
    <p class='ocr_par' dir='ltr' id='par_1_1' title="bbox 411 803 1436 881">
     <span class='ocr_line' id='line_1_1' title="bbox 411 803 1436 881; baseline -0.008 0"><span class='ocrx_word' id='word_1_1' title='bbox 411 803 1436 881; x_wconf 82' lang='lat' dir='ltr'><strong>PROLEGOMENA.</strong></span> 
     </span>
    </p>
   </div>
   <div class='ocr_carea' id='block_1_2' title="bbox 643 1457 1226 1517">
    <p class='ocr_par' dir='ltr' id='par_1_2' title="bbox 643 1457 1226 1517">
     <span class='ocr_line' id='line_1_2' title="bbox 643 1457 1226 1517; baseline -0.007 0"><span class='ocrx_word' id='word_1_2' title='bbox 643 1457 1078 1517; x_wconf 89' lang='lat' dir='ltr'>CAPUT</span> <span class='ocrx_word' id='word_1_3' title='bbox 1178 1457 1226 1514; x_wconf 91' lang='grc' dir='ltr'><strong>Ι.</strong></span> 
     </span>
    </p>
   </div>
   <div class='ocr_carea' id='block_1_3' title="bbox 391 1654 1484 1707">
    <p class='ocr_par' dir='ltr' id='par_1_3' title="bbox 391 1654 1484 1707">
     <span class='ocr_line' id='line_1_3' title="bbox 391 1654 1484 1707; baseline -0.003 -2"><span class='ocrx_word' id='word_1_4' title='bbox 391 1654 637 1705; x_wconf 80' lang='lat' dir='ltr'><strong><em>Historia</em></strong></span> <span class='ocrx_word' id='word_1_5' title='bbox 692 1656 940 1705; x_wconf 80' lang='lat' dir='ltr'><strong>culturae</strong></span> <span class='ocrx_word' id='word_1_6' title='bbox 988 1654 1484 1707; x_wconf 79' lang='lat' dir='ltr'><strong>Ichneumonidum.</strong></span> 
     </span>
    </p>
   </div>
   <div class='ocr_carea' id='block_1_4' title="bbox 57 1918 1842 3223">
    <p class='ocr_par' dir='ltr' id='par_1_4' title="bbox 57 1918 1831 2702">
     <span class='ocr_line' id='line_1_4' title="bbox 57 1918 1817 2029; baseline -0.002 -24"><span class='ocrx_word' id='word_1_7' title='bbox 57 1918 477 2009; x_wconf 82' lang='lat' dir='ltr'><strong>Piezatorum</strong></span> <span class='ocrx_word' id='word_1_8' title='bbox 506 1967 757 2029; x_wconf 83' lang='lat' dir='ltr'><strong>genera,</strong></span> <span class='ocrx_word' id='word_1_9' title='bbox 807 1966 1074 2027; x_wconf 89' lang='lat' dir='ltr'><strong>quorum</strong></span> <span class='ocrx_word' id='word_1_10' title='bbox 1095 1944 1364 2006; x_wconf 84' lang='lat' dir='ltr'><strong>feminae</strong></span> <span class='ocrx_word' id='word_1_11' title='bbox 1389 1965 1502 2004; x_wconf 78' lang='lat' dir='ltr'><strong>ova</strong></span> <span class='ocrx_word' id='word_1_12' title='bbox 1529 1943 1594 2003; x_wconf 89' lang='lat' dir='ltr'><strong>in</strong></span> <span class='ocrx_word' id='word_1_13' title='bbox 1618 1943 1817 2004; x_wconf 85' lang='lat' dir='ltr'><strong>larvas</strong></span> 
     </span>
     <span class='ocr_line' id='line_1_5' title="bbox 64 2041 1823 2116; baseline -0.004 -9"><span class='ocrx_word' id='word_1_14' title='bbox 64 2049 332 2107; x_wconf 89' lang='lat' dir='ltr'><strong>aliorum</strong></span> <span class='ocrx_word' id='word_1_15' title='bbox 375 2047 783 2116; x_wconf 85' lang='lat' dir='ltr'><strong>insectorum,</strong></span> <span class='ocrx_word' id='word_1_16' title='bbox 830 2045 1028 2104; x_wconf 87' lang='lat' dir='ltr'><strong>rarius</strong></span> <span class='ocrx_word' id='word_1_17' title='bbox 1069 2044 1134 2103; x_wconf 89' lang='lat' dir='ltr'><strong>in</strong></span> <span class='ocrx_word' id='word_1_18' title='bbox 1173 2064 1288 2104; x_wconf 84' lang='lat' dir='ltr'><strong>ova</strong></span> <span class='ocrx_word' id='word_1_19' title='bbox 1324 2064 1567 2115; x_wconf 89' lang='lat' dir='ltr'><strong>eorum,</strong></span> <span class='ocrx_word' id='word_1_20' title='bbox 1615 2055 1722 2102; x_wconf 89' lang='lat' dir='ltr'><strong>aut</strong></span> <span class='ocrx_word' id='word_1_21' title='bbox 1755 2041 1823 2100; x_wconf 87' lang='lat' dir='ltr'><strong>in</strong></span> 
     </span>
     <span class='ocr_line' id='line_1_6' title="bbox 63 2141 1825 2228; baseline -0.004 -21"><span class='ocrx_word' id='word_1_22' title='bbox 63 2148 299 2207; x_wconf 80' lang='lat' dir='ltr'><strong>insecta</strong></span> <span class='ocrx_word' id='word_1_23' title='bbox 327 2147 635 2228; x_wconf 81' lang='lat' dir='ltr'><strong>perfecta,</strong></span> <span class='ocrx_word' id='word_1_24' title='bbox 683 2143 1020 2227; x_wconf 75' lang='lat' dir='ltr'>praecipue</span> <span class='ocrx_word' id='word_1_25' title='bbox 1055 2156 1260 2204; x_wconf 88' lang='lat' dir='ltr'><strong>autem</strong></span> <span class='ocrx_word' id='word_1_26' title='bbox 1299 2143 1365 2202; x_wconf 90' lang='lat' dir='ltr'><strong>in</strong></span> <span class='ocrx_word' id='word_1_27' title='bbox 1398 2164 1611 2204; x_wconf 85' lang='lat' dir='ltr'>erucas</span> <span class='ocrx_word' id='word_1_28' title='bbox 1645 2141 1825 2225; x_wconf 88' lang='lat' dir='ltr'><strong>papi-</strong></span> 
     </span>
     <span class='ocr_line' id='line_1_7' title="bbox 62 2240 1826 2327; baseline -0.005 -21"><span class='ocrx_word' id='word_1_29' title='bbox 62 2246 321 2316; x_wconf 87' lang='lat' dir='ltr'><strong>lionum,</strong></span> <span class='ocrx_word' id='word_1_30' title='bbox 369 2245 708 2327; x_wconf 89' lang='lat' dir='ltr'><strong>deponunt,</strong></span> <span class='ocrx_word' id='word_1_31' title='bbox 750 2265 1140 2327; x_wconf 89' lang='lat' dir='ltr'><strong>quorumque</strong></span> <span class='ocrx_word' id='word_1_32' title='bbox 1166 2244 1388 2314; x_wconf 82' lang='lat' dir='ltr'><strong>larvae,</strong></span> <span class='ocrx_word' id='word_1_33' title='bbox 1437 2266 1511 2304; x_wconf 85' lang='lat' dir='ltr'><strong>ex</strong></span> <span class='ocrx_word' id='word_1_34' title='bbox 1533 2242 1667 2302; x_wconf 80' lang='lat' dir='ltr'><strong>ovis</strong></span> <span class='ocrx_word' id='word_1_35' title='bbox 1691 2240 1826 2300; x_wconf 88' lang='lat' dir='ltr'><strong>istis</strong></span> 
     </span>
     <span class='ocr_line' id='line_1_8' title="bbox 65 2341 1826 2428; baseline -0.003 -23"><span class='ocrx_word' id='word_1_36' title='bbox 65 2345 522 2428; x_wconf 80' lang='lat' dir='ltr'><strong>provenienteS‚</strong></span> <span class='ocrx_word' id='word_1_37' title='bbox 549 2345 616 2403; x_wconf 92' lang='lat' dir='ltr'><strong>in</strong></span> <span class='ocrx_word' id='word_1_38' title='bbox 642 2365 905 2426; x_wconf 87' lang='lat' dir='ltr'><strong>corpore</strong></span> <span class='ocrx_word' id='word_1_39' title='bbox 931 2364 1254 2404; x_wconf 81' lang='lat' dir='ltr'><strong>erucarum</strong></span> <span class='ocrx_word' id='word_1_40' title='bbox 1279 2341 1550 2423; x_wconf 85' lang='lat' dir='ltr'><strong>ipsarum</strong></span> <span class='ocrx_word' id='word_1_41' title='bbox 1567 2341 1826 2423; x_wconf 84' lang='lat' dir='ltr'><strong>degunt,</strong></span> 
     </span>
     <span class='ocr_line' id='line_1_9' title="bbox 67 2441 1830 2526; baseline -0.002 -23"><span class='ocrx_word' id='word_1_42' title='bbox 67 2445 266 2504; x_wconf 87' lang='lat' dir='ltr'><strong>donec</strong></span> <span class='ocrx_word' id='word_1_43' title='bbox 303 2444 368 2503; x_wconf 92' lang='lat' dir='ltr'><strong>in</strong></span> <span class='ocrx_word' id='word_1_44' title='bbox 400 2465 630 2526; x_wconf 90' lang='lat' dir='ltr'><strong>pupam</strong></span> <span class='ocrx_word' id='word_1_45' title='bbox 651 2455 1173 2515; x_wconf 77' lang='lat' dir='ltr'><strong>transmutantur,</strong></span> <span class='ocrx_word' id='word_1_46' title='bbox 1221 2441 1409 2502; x_wconf 88' lang='lat' dir='ltr'><strong>hodie</strong></span> <span class='ocrx_word' id='word_1_47' title='bbox 1450 2441 1830 2524; x_wconf 84' lang='lat' dir='ltr'><strong>generaliter</strong></span> 
     </span>
     <span class='ocr_line' id='line_1_10' title="bbox 69 2541 1831 2622; baseline -0.001 -20"><span class='ocrx_word' id='word_1_48' title='bbox 69 2543 320 2603; x_wconf 87' lang='lat' dir='ltr'><strong>nomine</strong></span> <span class='ocrx_word' id='word_1_49' title='bbox 356 2543 851 2605; x_wconf 77' lang='lat' dir='ltr'><strong>Ichneumonum</strong></span> <span class='ocrx_word' id='word_1_50' title='bbox 888 2566 997 2604; x_wconf 89' lang='lat' dir='ltr'><strong>seu</strong></span> <span class='ocrx_word' id='word_1_51' title='bbox 1020 2542 1591 2605; x_wconf 80' lang='lat' dir='ltr'><strong>Ichneumonidum</strong></span> <span class='ocrx_word' id='word_1_52' title='bbox 1629 2541 1831 2622; x_wconf 84' lang='lat' dir='ltr'><strong>desig-</strong></span> 
     </span>
     <span class='ocr_line' id='line_1_11' title="bbox 71 2656 316 2702; baseline -0.004 0"><span class='ocrx_word' id='word_1_53' title='bbox 71 2656 316 2702; x_wconf 85' lang='lat' dir='ltr'><strong>nantur.</strong></span> 
     </span>
    </p>

    <p class='ocr_par' dir='ltr' id='par_1_5' title="bbox 69 2741 1842 3223">
     <span class='ocr_line' id='line_1_12' title="bbox 194 2741 1835 2816; baseline 0.001 -15"><span class='ocrx_word' id='word_1_54' title='bbox 194 2744 359 2801; x_wconf 87' lang='lat' dir='ltr'><strong>Num</strong></span> <span class='ocrx_word' id='word_1_55' title='bbox 385 2741 538 2802; x_wconf 87' lang='lat' dir='ltr'><strong>haec</strong></span> <span class='ocrx_word' id='word_1_56' title='bbox 565 2742 830 2815; x_wconf 86' lang='lat' dir='ltr'><strong>insecta,</strong></span> <span class='ocrx_word' id='word_1_57' title='bbox 879 2763 988 2802; x_wconf 91' lang='lat' dir='ltr'><strong>seu</strong></span> <span class='ocrx_word' id='word_1_58' title='bbox 1011 2742 1179 2802; x_wconf 88' lang='lat' dir='ltr'><strong>vitae</strong></span> <span class='ocrx_word' id='word_1_59' title='bbox 1203 2762 1417 2802; x_wconf 91' lang='lat' dir='ltr'><strong>eorum</strong></span> <span class='ocrx_word' id='word_1_60' title='bbox 1443 2741 1630 2816; x_wconf 89' lang='lat' dir='ltr'><strong>ratio,</strong></span> <span class='ocrx_word' id='word_1_61' title='bbox 1675 2755 1835 2803; x_wconf 87' lang='lat' dir='ltr'><strong>tem-</strong></span> 
     </span>
     <span class='ocr_line' id='line_1_13' title="bbox 69 2841 1835 2924; baseline 0.001 -24"><span class='ocrx_word' id='word_1_62' title='bbox 69 2841 328 2923; x_wconf 85' lang='lat' dir='ltr'><strong>poribus</strong></span> <span class='ocrx_word' id='word_1_63' title='bbox 366 2842 796 2902; x_wconf 85' lang='lat' dir='ltr'><strong>remotissimis</strong></span> <span class='ocrx_word' id='word_1_64' title='bbox 846 2841 971 2923; x_wconf 87' lang='lat' dir='ltr'><strong>jam</strong></span> <span class='ocrx_word' id='word_1_65' title='bbox 1022 2854 1166 2901; x_wconf 88' lang='lat' dir='ltr'><strong>nota</strong></span> <span class='ocrx_word' id='word_1_66' title='bbox 1205 2841 1469 2913; x_wconf 87' lang='lat' dir='ltr'><strong>fuerint,</strong></span> <span class='ocrx_word' id='word_1_67' title='bbox 1518 2843 1704 2924; x_wconf 90' lang='lat' dir='ltr'><strong>plane</strong></span> <span class='ocrx_word' id='word_1_68' title='bbox 1741 2842 1835 2901; x_wconf 93' lang='lat' dir='ltr'><strong>in-</strong></span> 
     </span>
     <span class='ocr_line' id='line_1_14' title="bbox 73 2940 1838 3004; baseline 0.002 -7"><span class='ocrx_word' id='word_1_69' title='bbox 73 2951 308 2999; x_wconf 89' lang='lat' dir='ltr'><strong>certum</strong></span> <span class='ocrx_word' id='word_1_70' title='bbox 337 2953 457 3000; x_wconf 91' lang='lat' dir='ltr'><strong>est:</strong></span> <span class='ocrx_word' id='word_1_71' title='bbox 503 2943 577 3001; x_wconf 94' lang='lat' dir='ltr'><strong>In</strong></span> <span class='ocrx_word' id='word_1_72' title='bbox 603 2943 979 3004; x_wconf 81' lang='lat' dir='ltr'><strong>Aristotelis</strong></span> <span class='ocrx_word' id='word_1_73' title='bbox 1004 2940 1265 3001; x_wconf 85' lang='lat' dir='ltr'><strong>historia</strong></span> <span class='ocrx_word' id='word_1_74' title='bbox 1302 2943 1569 3002; x_wconf 89' lang='lat' dir='ltr'><strong>naturali</strong></span> <span class='ocrx_word' id='word_1_75' title='bbox 1605 2943 1838 3002; x_wconf 85' lang='lat' dir='ltr'><strong>anima-</strong></span> 
     </span>
     <span class='ocr_line' id='line_1_15' title="bbox 72 3038 1840 3123; baseline 0.002 -26"><span class='ocrx_word' id='word_1_76' title='bbox 72 3038 232 3098; x_wconf 90' lang='lat' dir='ltr'><strong>lium</strong></span> <span class='ocrx_word' id='word_1_77' title='bbox 294 3040 538 3099; x_wconf 89' lang='lat' dir='ltr'><strong>nullum</strong></span> <span class='ocrx_word' id='word_1_78' title='bbox 594 3040 849 3100; x_wconf 90' lang='lat' dir='ltr'><strong>illorum</strong></span> <span class='ocrx_word' id='word_1_79' title='bbox 899 3041 1217 3123; x_wconf 62' lang='lat' dir='ltr'><strong>inyenitur</strong></span> <span class='ocrx_word' id='word_1_80' title='bbox 1261 3041 1593 3122; x_wconf 81' lang='lat' dir='ltr'><strong>vestigium</strong></span> <span class='ocrx_word' id='word_1_81' title='bbox 1643 3041 1840 3102; x_wconf 88' lang='lat' dir='ltr'><strong>mani-</strong></span> 
     </span>
     <span class='ocr_line' id='line_1_16' title="bbox 74 3136 1842 3223; baseline 0.002 -28"><span class='ocrx_word' id='word_1_82' title='bbox 74 3136 323 3197; x_wconf 86' lang='lat' dir='ltr'><strong>festum.</strong></span> <span class='ocrx_word' id='word_1_83' title='bbox 382 3139 646 3211; x_wconf 79' lang='lat' dir='ltr'><strong>Strack,</strong></span> <span class='ocrx_word' id='word_1_84' title='bbox 683 3141 1019 3200; x_wconf 83' lang='lat' dir='ltr'><strong>translator</strong></span> <span class='ocrx_word' id='word_1_85' title='bbox 1042 3140 1214 3200; x_wconf 89' lang='lat' dir='ltr'><strong>illius</strong></span> <span class='ocrx_word' id='word_1_86' title='bbox 1243 3141 1449 3223; x_wconf 87' lang='lat' dir='ltr'><strong>operis</strong></span> <span class='ocrx_word' id='word_1_87' title='bbox 1476 3140 1842 3223; x_wconf 87' lang='lat' dir='ltr'><strong>philosophi</strong></span> 
     </span>
    </p>
   </div>
   <div class='ocr_carea' id='block_1_5' title="bbox 74 3235 1842 3404">
    <p class='ocr_par' dir='ltr' id='par_1_6' title="bbox 74 3235 1842 3404">
     <span class='ocr_line' id='line_1_17' title="bbox 74 3235 1842 3322; baseline 0.003 -29"><span class='ocrx_word' id='word_1_88' title='bbox 74 3235 311 3317; x_wconf 84' lang='lat' dir='ltr'><strong>graeci,</strong></span> <span class='ocrx_word' id='word_1_89' title='bbox 358 3250 539 3319; x_wconf 90' lang='lat' dir='ltr'><strong>putat</strong></span> <span class='ocrx_word' id='word_1_90' title='bbox 584 3239 835 3320; x_wconf 88' lang='lat' dir='ltr'><strong>quidem</strong></span> <span class='ocrx_word' id='word_1_91' title='bbox 887 3240 1159 3322; x_wconf 73' lang='lat' dir='ltr'><strong>(pagina,</strong></span> <span class='ocrx_word' id='word_1_92' title='bbox 1191 3242 1345 3310; x_wconf 76' lang='lat'>256,</span> <span class='ocrx_word' id='word_1_93' title='bbox 1395 3239 1460 3298; x_wconf 88' lang='lat' dir='ltr'><strong>in</strong></span> <span class='ocrx_word' id='word_1_94' title='bbox 1497 3254 1641 3301; x_wconf 87' lang='lat' dir='ltr'><strong>nota</strong></span> <span class='ocrx_word' id='word_1_95' title='bbox 1693 3241 1842 3316; x_wconf 88' lang='grc'>160)</span> 
     </span>
     <span class='ocr_line' id='line_1_18' title="bbox 191 3347 1324 3404; baseline 0.01 -17"><span class='ocrx_word' id='word_1_96' title='bbox 191 3347 332 3389; x_wconf 79' lang='lat' dir='ltr'><strong>lehn.</strong></span> <span class='ocrx_word' id='word_1_97' title='bbox 365 3349 549 3404; x_wconf 79' lang='lat' dir='ltr'><strong>Europ.</strong></span> <span class='ocrx_word' id='word_1_98' title='bbox 592 3349 706 3391; x_wconf 84' lang='lat' dir='ltr'><strong>Pars</strong></span> <span class='ocrx_word' id='word_1_99' title='bbox 739 3352 776 3394; x_wconf 87' lang='lat'><strong>1.</strong></span> <span class='ocrx_word' id='word_1_100' title='bbox 1295 3347 1324 3398; x_wconf 89' lang='lat'>1</span> 
     </span>
    </p>
   </div>
  </div>
 </body>
</html>
