1934 3690
620 156 785 198 ΕΔΜ.
833 144 893 207 Ι,
938 155 1128 196 secr.
1177 156 1233 196 v.
1670 141 1797 198 309

51 293 200 356 lidis
252 304 362 354 aut
414 289 1073 374 ferrugineo-albidum
1133 286 1364 373 postici
1419 285 1593 349 tibiis
1637 286 1796 348 infra

53 390 426 473 plerumque
469 389 710 450 macula
756 390 1009 471 pallida.
1098 387 1429 452 Abdomen
1465 386 1799 469 segmentis

52 497 95 553 2
120 501 184 550 et
207 498 245 553 3
271 490 470 551 dilute
506 487 741 550 croceis
781 501 887 548 aut
922 489 1098 559 rufis,
1146 486 1397 548 summis
1421 485 1800 568 marginibus

54 586 275 669 nigris;
322 593 361 651 4
385 602 448 649 et
475 592 514 652 5
551 587 824 670 margine
861 587 1119 660 dorsali,
1167 595 1205 651 6
1231 601 1293 649 et
1315 595 1354 651 7
1387 585 1628 648 macula
1660 584 1804 645 dor-

52 685 199 758 sali‚
247 686 422 746 albis,

178 784 350 844 Hanc
384 782 657 866 speciem
702 804 738 844 e
780 782 1068 864 pluribus
1105 784 1486 846 Germaniae
1527 780 1807 864 regioni-

50 881 198 953 bus,
245 903 358 943 nec
395 901 520 940 non
555 903 589 941 e
615 880 836 944 Gallia
860 884 1062 944 Italia
1096 884 1425 968 Volhynia
1450 895 1514 944 et
1537 883 1800 961 Anglia,

51 979 297 1063 accepi3
345 980 644 1062 quaedam
677 980 992 1040 individua
1031 981 1164 1063 ipse
1202 980 1499 1064 prehendi
1539 981 1600 1041 in
1637 980 1804 1041 Sile-

51 1084 184 1151 sia,
227 1079 540 1139 mensibus
568 1079 717 1139 Julii
743 1080 1000 1161 Augusti
1028 1092 1090 1139 et
1110 1079 1520 1163 Septembris,
1566 1079 1631 1139 in
1670 1100 1805 1138 um-

50 1176 303 1242 bellatis
334 1177 642 1239 fruticetis
678 1191 741 1239 et
773 1178 1066 1261 gramine.

472 1360 696 1420 Nota:

180 1470 518 1533 Schaefferi
546 1475 803 1533 Icon'um
838 1472 961 1532 tab.
993 1478 1100 1542 61,
1148 1473 1247 1553 fig.
1279 1481 1316 1536 3
1350 1472 1629 1533 antennis
1661 1493 1806 1556 por-

52 1571 239 1631 rectis
293 1571 533 1635 differt5
592 1593 668 1630 an
721 1572 890 1629 mas?
977 1571 1211 1630 Panzer
1251 1569 1421 1630 hunc
1469 1570 1803 1631 Schaefferi

55 1668 540 1728 Ichneumonem
598 1689 738 1727 cum
797 1667 1028 1728 femina
1084 1669 1318 1752 speciei
1378 1667 1803 1752 praecedentis

55 1767 468 1837 consociavit,
517 1766 591 1825 ad
627 1788 811 1848 quam
849 1781 1054 1828 autem
1093 1768 1295 1828 minus
1337 1768 1610 1850 quadrat.

181 1869 253 1926 In
289 1886 501 1927 museo
525 1866 892 1925 Fabriciano
928 1865 1032 1925 hic
1068 1880 1278 1926 noster
1311 1873 1627 1928 sartorius
1664 1886 1806 1925 cum

53 1971 396 2029 sarcitorio
434 1963 724 2024 confusus
762 1977 884 2035 est,
933 1964 1008 2024 de
1041 1985 1166 2045 quo
1202 1965 1481 2026 conseras
1506 1967 1801 2047 Trentep.

56 2064 123 2125 in
149 2064 312 2123 Iside
348 2068 535 2135 1826,
583 2083 718 2144 pag.
749 2070 869 2125 231
903 2062 966 2121 in
993 2062 1408 2135 adnotatione,
1457 2063 1561 2124 ubi
1587 2075 1805 2123 auctor

56 2163 424 2244 interrogat,
473 2183 619 2220 num
659 2159 867 2221 forsan
904 2160 1053 2223 haec
1094 2160 1321 2223 semina
1354 2184 1493 2222 cum
1529 2161 1802 2221 maribus

58 2261 234 2321 Ichn.
282 2266 596 2341 negatorii
640 2261 690 2320 F
694 2259 820 2322 abr.
871 2259 1102 2343 (nostri
1146 2260 1494 2343 ornatorii)
1540 2259 1806 2343 conjun-

51 2360 253 2442 genda
289 2360 410 2422 sit?

636 2686 755 2737 108.
808 2678 868 2733 ⁶1.
905 2678 1266 2752 ATRIPES.J

383 2817 652 2871 Antennis
706 2816 1311 2890 subpallideannulatis;
1385 2829 1590 2892 puncto
1659 2818 1803 2872 iufra

384 2900 510 2966 alas,
543 2902 978 2973 marginibusque
1000 2913 1403 2977 segmentorum
1429 2916 1461 2965 6
1483 2913 1536 2957 et
1558 2913 1607 2971 7,
1633 2903 1798 2972 albisss

386 2987 677 3057 segmentis
715 2996 750 3046 2
786 2996 840 3041 et
874 2997 908 3048 8
943 2988 1089 3042 rufis.
1164 2987 1206 3042 s.

180 3152 458 3215 Statura
494 3167 560 3217 et
586 3158 910 3241 proportio
944 3159 1216 3244 partium
1249 3156 1505 3220 omnino
1534 3156 1800 3223 feminae

55 3251 500 3336 praecedentis.
