1934 3690
129 130 214 195 92
541 159 544 163 -
591 145 669 180 1x.
720 141 992 180 PARTES
1041 142 1424 183 sequLES.

129 277 674 348 subbiarticulata,
718 297 984 358 superne
1011 278 1555 361 longitudinaliter
1582 282 1896 344 canalicu-

127 380 272 451 lata‚
301 376 480 459 cujus
507 376 667 458 apici
690 375 933 435 terebra
957 375 1185 437 inserta
1211 392 1323 440 est.
1381 382 1549 441 Haec
1583 382 1896 464 appendix

131 491 338 539 autem
362 497 641 562 perram,
691 488 753 534 at
777 497 1090 557 nunquam
1116 476 1180 537 in
1208 492 1371 540 statu
1400 480 1615 562 quieto
1650 481 1891 555 insecti,

131 581 200 651 in
255 588 595 659 conspectu
643 586 762 646 est,
835 596 975 635 cum
1019 599 1289 661 semper,
1360 601 1486 640 non
1532 580 1733 640 solum
1780 582 1893 642 sub

133 691 411 741 ventrem
437 677 659 736 reflexa
676 721 692 745 ‚
741 674 848 734 sed
883 675 948 735 in
972 676 1188 738 rimam
1213 679 1735 762 longitudinalem
1760 703 1896 764 seg-

129 791 480 840 mentorum
540 773 906 835 ultimorum
935 791 1209 862 ⁴recepta
1265 780 1480 862 ibique
1536 781 1897 841 abscondita

130 901 264 941 esse
301 879 514 937 soleat.
607 876 878 936 Terebra
917 898 1098 952 verO,
1157 878 1291 961 ejus
1329 880 1494 962 apici
1529 880 1739 953 affixa,
1787 881 1896 964 qui

131 1000 296 1040 nunc
330 978 440 1037 sub
475 974 681 1037 medio
704 988 922 1037 ventre
961 975 1113 1037 situs
1143 991 1262 1051 est,
1310 978 1536 1039 iterum
1571 979 1899 1063 reponitur

133 1092 321 1163 atque
347 1078 410 1136 in
436 1077 652 1136 rimam
677 1076 1023 1137 ventralem
1048 1078 1411 1139 ultimorum
1438 1091 1899 1162 segmentorum

131 1192 197 1242 et
229 1180 292 1239 in
318 1175 732 1237 canaliculum
760 1176 1123 1260 appendicis
1148 1178 1475 1251 dorsalem,
1522 1179 1646 1239 situ
1681 1178 1898 1261 quieto

136 1278 499 1362 appendicis
546 1277 862 1337 retroflexi
909 1276 973 1336 in
1016 1290 1234 1339 ventre
1279 1278 1569 1339 deorsum
1615 1290 1903 1360 spectan-

131 1391 284 1449 tem,
342 1376 665 1459 recipitur.
771 1377 831 1437 Si
868 1398 1015 1438 vero
1052 1378 1295 1441 terebra
1334 1377 1456 1437 hoc
1495 1378 1617 1439 situ
1649 1378 1899 1460 longius

133 1499 199 1539 se
240 1477 558 1559 porrigere
593 1476 905 1538 violenter
928 1476 1180 1550 nititur,
1221 1478 1537 1562 appendix
1560 1501 1700 1538 cum
1725 1489 1902 1560 parte

131 1577 396 1639 ventrali
426 1590 883 1658 segmentorum
911 1577 1274 1638 ultimorum
1310 1579 1395 1639 ita
1431 1579 1901 1661 protruduntur‚

140 1689 213 1738 ut
267 1675 390 1736 situ
435 1676 720 1737 verticali
780 1699 844 1738 se
900 1676 1261 1750 exhibeant,
1311 1679 1525 1738 eadem
1590 1689 1904 1759 segmenta

137 1788 344 1836 autem
371 1797 637 1858 superne
665 1799 853 1836 unum
883 1777 946 1836 in
973 1777 1239 1837 alterum
1266 1777 1701 1860 reprimantur,
1739 1778 1905 1840 unde

134 1898 292 1958 apex
328 1875 672 1936 abdominis
695 1877 830 1958 ipse
867 1877 1044 1937 valde
1072 1877 1469 1949 incrassatuS,
1518 1897 1906 1960 compresso-

132 1988 487 2047 truncatus,
545 1974 789 2057 postice
833 1977 1283 2038 canaliculatus
1332 1976 1521 2059 (quia
1558 1976 1713 2036 rima
1755 1999 1908 2038 ven-

135 2075 311 2136 tralis
350 2096 590 2135 sursum
628 2088 796 2135 mota
832 2078 998 2157 est),
1047 2078 1290 2138 inferne
1338 2076 1487 2157 (ubi
1528 2097 1685 2159 apex
1716 2075 1907 2136 abdo-

134 2175 321 2236 minis
367 2175 724 2257 prominet)
782 2177 1243 2250 tuberculatuS,
1304 2176 1585 2260 adparet,
1648 2176 1908 2259 vaginae

139 2276 342 2337 aculei
390 2287 598 2340 autem
642 2277 980 2358 marginem
1030 2300 1325 2361 superum
1361 2276 1554 2360 partis
1584 2289 1907 2337 truncatae

142 2388 480 2458 occupant,
539 2377 782 2439 terebra
833 2376 967 2459 ipsa
1017 2400 1162 2440 vero
1211 2401 1245 2439 e
1289 2377 1565 2459 margine
1611 2376 1908 2439 inferiore

140 2474 332 2556 hujus
359 2474 550 2557 partis
577 2476 909 2558 provenire
934 2477 1201 2538 videtur.
1270 2478 1436 2538 Haec
1462 2476 1667 2539 omnia
1695 2476 1910 2539 multi-

138 2573 294 2637 farie
319 2574 547 2634 variata
577 2575 899 2657 conspicio
925 2576 989 2637 in
1016 2578 1195 2659 copia
1223 2577 1685 2639 individuorum
1709 2575 1909 2660 Rhys-

143 2695 345 2735 sarum
389 2673 759 2734 Porizonum
817 2688 933 2736 ete.
995 2677 1219 2759 quibus
1270 2676 1583 2760 appendix
1629 2676 1775 2749 ista,
1842 2676 1909 2736 in

140 2773 359 2835 mortis
401 2794 595 2856 agone
627 2774 937 2836 violenter
970 2790 1285 2858 protrusa‚
1346 2789 1490 2860 post
1531 2788 1793 2838 mortem
1843 2776 1910 2836 in

143 2872 265 2935 hoc
289 2873 412 2933 situ
434 2874 677 2937 mansit.
730 2875 915 2937 Secus
942 2889 1148 2938 autem
1177 2890 1269 2941 est
1288 2878 1633 2960 adspectuS,
1663 2876 1908 2959 quando

141 2974 454 3058 appendix
503 2986 635 3034 tota
686 2995 825 3033 cum
872 2975 1201 3037 abdomine
1253 2976 1392 3058 ipso
1445 2975 1511 3036 in
1546 2998 1729 3036 unam
1766 2977 1911 3037 ean-

140 3075 406 3157 demque
438 3073 847 3135 directionem
872 3074 1391 3157 longitudinalem
1417 3089 1481 3138 et
1519 3074 1705 3137 situm
1739 3073 1911 3134 hori-

140 3175 455 3237 zontalem
482 3186 767 3257 porrecta
793 3187 915 3246 est,
963 3175 1148 3258 quale
1183 3175 1334 3257 quid
1370 3175 1434 3234 in
1470 3175 1712 3234 duobus
1748 3174 1912 3235 indi-

140 3274 344 3338 viduis
371 3274 691 3338 Pori'zonis
715 3274 1115 3351 claviventris>
1131 3286 1193 3335 et
1216 3274 1381 3357 gravi
1390 3274 1565 3358 pedis
1592 3286 1734 3336 ante
1760 3295 1910 3337 oeu-
