1934 3690
603 144 682 184 tv.
732 141 1007 184 rantes
1051 141 1244 184 otus.
1729 131 1806 187 71

41 282 220 343 bulas
249 278 602 340 bidentatas
636 298 801 348 esse,
849 290 1011 339 teste
1046 278 1290 341 Neeseo
1325 288 1536 338 autem
1570 277 1812 337 mandi-

40 378 227 439 bulae
261 376 538 437 Xoridae
572 387 635 437 et
674 376 946 458 Metopii
987 377 1265 459 integrae
1311 389 1483 448 sunt,
1531 376 1811 458 Pimplae

42 496 209 547 vero,
255 477 357 535 cui
385 474 709 536 Fabricius
741 474 1135 535 mandibulas
1167 476 1432 536 inermes
1458 475 1810 556 adscripsit,

41 573 419 635 bidentatae.
469 609 556 620 -
598 575 936 635 Maxillae
983 595 1016 632 e
1065 574 1346 655 partibus
1393 574 1634 635 duabus
1683 572 1813 631 dis-

41 672 257 732 tinctis
294 685 609 744 constant,
659 671 799 733 basi
822 692 1045 753 nempe
1082 684 1145 731 et
1183 695 1483 754 processu
1520 694 1630 733 seu
1663 691 1814 754 pro-

42 770 317 833 cessibus
352 775 677 833 laciniisve
703 770 951 833 duobus
977 792 1044 830 su
1052 771 1294 852 peruis;
1343 771 1519 830 illam
1543 771 1707 830 Nees
1734 769 1812 829 ab

43 870 364 930 Esenbeck
399 876 680 952 stipitem
716 869 1132 952 nuncupavit,
1182 868 1296 929 hos
1323 869 1577 929 nomine
1603 871 1813 930 malae

41 966 418 1049 designavit:
464 970 682 1050 Stipes
726 970 912 1049 longe
966 967 1256 1049 plurimis
1303 988 1570 1028 corneus
1616 978 1713 1027 est
1747 977 1813 1026 et

41 1085 464 1148 compressuS,
509 1066 726 1149 paucis
762 1069 1084 1126 coriaceus
1122 1079 1230 1126 aut
1272 1066 1811 1129 membranaceusz

39 1164 413 1248 plerumque
440 1165 975 1238 sublanceolatuS,
1023 1163 1338 1226 interdum
1366 1166 1815 1246 subrectangu-

40 1263 188 1324 laris
217 1277 324 1324 aut
347 1264 890 1346 subtriangulariS‚
937 1263 1134 1324 rarius
1168 1264 1406 1324 formae
1441 1277 1662 1324 ovatae
1699 1262 1816 1323 ob-

37 1361 263 1442 longae
320 1362 662 1423 obconicae
722 1362 1264 1443 semicylindricae
1332 1363 1557 1424 lineari
1613 1361 1811 1442 magis

38 1461 444 1541 respondens,
535 1463 731 1522 Mala
762 1462 866 1522 vel
900 1461 1090 1519 bifida
1126 1474 1233 1520 aut
1257 1460 1557 1543 bipartita
1583 1473 1678 1521 est
1710 1461 1813 1521 vel

36 1556 434 1618 biarticulata
452 1557 783 1639 (bipartita
809 1571 916 1618 aut
935 1558 1125 1619 bifida
1154 1561 1532 1641 respondere
1557 1559 1809 1621 videtur

36 1657 433 1738 processibus
470 1657 740 1730 duobuS‚
789 1657 1077 1719 interiori
1124 1681 1352 1740 nempe
1393 1672 1456 1719 et
1492 1656 1809 1727 exteriori,

38 1775 304 1836 quorum
329 1756 548 1836 Illiger
568 1757 952 1817 mentionem
976 1757 1158 1820 fecit3
1183 1756 1579 1817 biarticulata
1599 1769 1809 1816 autem

38 1875 229 1912 unum
257 1873 635 1935 processum,
684 1876 954 1935 eumque
980 1855 1468 1926 biarticulatum‚
1515 1854 1811 1916 exhibere

38 1951 339 2031 videtur).
434 1953 698 2011 Ratione
749 1952 1133 2012 substantiae
1178 1955 1340 2011 mala
1377 1966 1472 2011 est
1503 1953 1813 2014 membra·

37 2069 253 2119 nacea,
311 2050 625 2108 rarissime
680 2048 1081 2107 subcoriacea
1139 2064 1245 2109 aut
1288 2070 1587 2132 processu
1636 2064 1811 2111 exte-

35 2147 202 2206 riore
227 2147 514 2206 coriaceo
545 2167 873 2206 corneove.
969 2148 1392 2229 Longitudine
1418 2149 1579 2209 mala
1606 2148 1808 2231 stipiti

34 2246 310 2327 aequalis
351 2268 484 2306 esse
532 2246 723 2317 solet,
772 2245 986 2305 multis
1034 2267 1185 2306 vero
1234 2246 1354 2307 hoc
1391 2247 1646 2308 brevior
1693 2261 1807 2307 est.

39 2346 369 2404 Caeterum
395 2357 604 2403 autem
631 2344 841 2402 nullus
869 2346 1256 2426 reliquorum
1296 2359 1652 2417 auctorum,
1700 2345 1810 2428 qui

36 2443 319 2502 maxillas
390 2440 886 2501 Ichneunionum
949 2442 1489 2516 examinaverunt,
1558 2465 1812 2527 proces-

40 2561 218 2599 suum
265 2553 371 2599 aut
416 2539 783 2600 laciniarum
819 2540 1204 2601 mentionem
1246 2540 1512 2615 faciunt,
1563 2556 1812 2625 praeter

36 2639 425 2710 Fabricium,
475 2637 580 2719 qui
619 2637 935 2698 maxillam
971 2639 1226 2699 bifidam
1262 2641 1429 2700 Bassi
1470 2641 1809 2702 seductorii

37 2749 99 2796 et
126 2736 404 2819 Pimplae
430 2736 781 2816 vagatoriae
808 2736 1162 2820 descripsit.
1202 2774 1288 2784 —-
1322 2740 1517 2823 Palpi
1541 2753 1812 2823 quatuor

37 2835 312 2916 elongati
368 2835 692 2895 filisormes
750 2833 1143 2918 inaequales:
1215 2839 1629 2911 Anteriores‚
1695 2860 1806 2899 seu

41 2937 442 3004 maxillares,
483 2933 796 3014 longiores
826 2947 987 3006 sunt,
1017 2936 1393 3018 plerumque
1419 2938 1580 2997 mala
1607 2938 1808 3018 duplo

35 3044 141 3089 aut
182 3033 375 3114 triplo
426 3031 770 3113 longioreS,
819 3056 1136 3116 nunquam
1192 3033 1308 3094 hac
1343 3036 1663 3096 breviores
1703 3048 1812 3094 aut.

35 3130 176 3209 plus
203 3131 554 3211 quadruplo
584 3131 928 3212 longiorem
976 3133 1593 3215 quinquearticulati,
1621 3135 1807 3196 raris-

38 3224 191 3287 sime
245 3227 814 3310 quadriarticulati,
885 3230 1260 3311 (secundum
1320 3231 1683 3294 Fabricium
1741 3244 1807 3293 et
