1997 3680
174 111 298 172 498
595 142 598 145 -
830 119 1280 162 IoHNEUMON

299 269 357 326 2.
382 258 629 324 Orbitis
654 259 980 319 oculorum
1010 261 1296 328 internis,
1321 258 1621 339 lineisque
1644 255 1931 322 thoracis

174 363 276 447 (in
289 361 513 423 femina
533 357 796 440 genuina
822 355 1010 436 albis)
1029 357 1454 438 ferruginei55
1473 358 1739 418 scutello
1762 358 1928 438 ruso,

304 459 533 522 Ambae
559 456 906 528 varietate8‚
954 454 1215 515 caeteris
1241 477 1382 515 cum
1407 455 1636 516 femina
1663 455 1930 538 genuina

173 568 612 641 congruenteS,
659 576 857 640 prope
897 555 1144 640 Niesky
1179 566 1394 637 captae
1431 565 1594 616 sunt.

820 741 1282 822 Synonyma:

171 856 352 919 Ichn.
387 853 644 918 sedulus
675 852 988 915 Gravenh.
1028 853 1304 925 Pedem,
1354 875 1413 912 n.
1453 858 1553 915 81.

170 955 350 1019 Ichn.
387 955 1138 1036 similatoriusaTrentep.
1179 953 1244 1012 in
1281 951 1445 1012 Iside
1484 957 1646 1014 1826
1685 971 1745 1033 p.
1788 956 1933 1024 336,

523 1078 583 1116 n.
625 1056 725 1117 56.
819 1053 1203 1134 (Secundum
1238 1064 1557 1111 auctorem
1591 1049 1934 1132 descriptio

519 1154 708 1236 hujus
744 1152 977 1234 speciei
1015 1151 1082 1210 in
1117 1149 1299 1210 Fabr.
1342 1149 1484 1210 Ent.
1520 1149 1679 1230 Syst.
1724 1149 1934 1233 suppl..

520 1252 714 1313 laevis
750 1263 814 1312 et
850 1267 1067 1310 manca
1113 1248 1262 1330 est).

587 1434 814 1495 Nota:

296 1550 538 1608 Statura
565 1560 627 1609 et
651 1545 1063 1631 proportione
1086 1544 1358 1628 partium
1381 1544 1711 1607 varietates
1734 1546 1938 1630 pluri-

168 1669 303 1711 mae
336 1671 477 1708 cum
519 1647 728 1732 specie
768 1646 1035 1729 genuina
1074 1645 1326 1728 quidem
1365 1658 1744 1728 congruunt3
1793 1658 1936 1706 sunt

168 1770 315 1810 vero
347 1748 533 1810 etiam
561 1747 803 1829 singula
839 1745 1187 1818 individua,
1235 1746 1518 1806 antennis
1544 1744 1806 1828 pedibus
1831 1746 1937 1805 ab-

167 1847 497 1908 domineve
543 1845 1093 1929 subgracilioribus
1135 1857 1242 1904 aut
1289 1844 1838 1916 subcrassioribuS,
1899 1867 1932 1904 a

169 1948 453 2030 genuinis
523 1947 784 2008 diversa.
924 1944 1043 2004 Sed
1109 1943 1226 2004 hae
1300 1943 1694 2003 differentiae
1750 1943 1933 2006 nimis

172 2061 314 2108 sunt
357 2049 565 2108 laeves
628 2044 981 2127 sensimque
1039 2042 1105 2102 in
1148 2042 1588 2126 proportiones
1633 2043 1932 2124 genuinas

167 2158 509 2218 transeunt,
549 2167 662 2206 nec
692 2143 1029 2216 sufficiunt,
1060 2143 1135 2202 ad
1159 2141 1318 2202 hanc
1338 2142 1609 2225 speciem
1636 2141 1699 2203 in
1720 2143 1931 2225 plures

172 2247 409 2330 species
448 2245 926 2307 dissolvendam.
1000 2243 1173 2303 Idem
1199 2243 1386 2303 etiam
1410 2242 1487 2303 de
1512 2241 1932 2304 mutabilitate

169 2347 456 2407 colorum
490 2357 553 2405 et
591 2335 976 2427 picturarum
1015 2343 1210 2415 valet,
1273 2341 1440 2426 quod
1495 2363 1530 2402 e
1587 2341 1931 2403 collatione

167 2445 540 2507 varietatum
566 2444 1011 2527 descriptarum
1037 2441 1297 2527 patebit.
1389 2443 1607 2513 Immo,
1653 2441 1728 2500 ad
1751 2441 1929 2504 Ichn.

168 2546 541 2628 semirasum
599 2557 662 2604 et
727 2547 1157 2628 culpatorium
1222 2562 1420 2601 mares
1478 2540 1661 2605 [clm.
1726 2541 1932 2604 seduli

169 2644 433 2706 transire
479 2642 796 2716 videntur,
855 2645 1190 2727 forsanque
1234 2662 1432 2701 mares
1476 2639 1694 2701 harum
1739 2641 1929 2702 trium

170 2743 518 2830 specierum
559 2741 624 2800 in
661 2763 843 2801 unam
881 2743 1153 2826 speciem
1191 2741 1486 2824 conjungi
1521 2754 1795 2824 possent.

325 2845 626 2905 Feminae
689 2842 866 2902 Ichn.
934 2842 1175 2914 seduli,
1241 2841 1576 2901 secundum
1647 2840 1929 2899 habitum

169 2955 400 3014 totum,
450 2953 741 3030 staturam
782 2953 843 3000 et
878 2941 1349 3024 proportionem
1375 2940 1662 3022 partium,
1712 2939 1929 3022 impri-

169 3042 287 3103 mis
323 3054 527 3101 autem
562 3053 821 3123 propter
855 3041 1140 3101 aculeum
1177 3039 1426 3121 longius
1464 3053 1802 3113 exsertum,
1851 3040 1926 3099 ad

170 3145 455 3226 Cryptos
469 3141 777 3223 familiae
799 3144 1043 3221 primae
1075 3139 1295 3200 referri
1320 3151 1601 3221 possent,
1648 3160 1775 3200 non
1804 3137 1925 3199 nisi

168 3241 432 3328 pedibus
468 3239 658 3324 paulo
693 3236 1098 3300 crassioribus
1144 3237 1218 3295 ab
1252 3240 1340 3300 eis
1385 3239 1791 3301 discedentes,
