1997 3680
159 108 291 168 366
589 120 593 124 ’
822 113 1266 157 ιοΗΝΕυΜοΝ

159 257 384 330 fulvis,
444 251 845 337 sequentibus
884 249 1096 333 nigris,
1188 249 1543 314 Scutellum
1584 249 1686 312 vel
1715 262 1920 313 totum

156 359 416 427 flavum,
463 355 562 416 vel
587 353 739 413 mari
768 351 1077 412 interdum
1102 348 1293 409 fascia
1329 350 1453 410 lata
1485 351 1660 411 flava.
1751 350 1922 412 Tho·

162 480 295 520 rax
350 457 495 516 alae
538 465 600 514 et
643 451 832 537 pedes
870 450 1032 512 sicut
1065 450 1129 509 in
1154 449 1364 531 specie
1390 449 1683 532 genuina3
1729 449 1921 512 tibiae

161 556 346 618 maris
416 553 727 613 interdum
783 551 1006 624 flavae,
1074 547 1414 608 anteriores
1461 548 1657 610 latere
1702 549 1919 621 altem,

160 653 440 740 posticae
478 652 685 734 apice,
724 650 917 710 rufae.

287 750 592 813 Nonnulli
619 771 815 810 mares
843 771 877 810 e
901 748 1136 810 Silesia
1164 745 1385 810 Gallia
1411 759 1478 807 et
1501 748 1706 808 Italia
1728 759 1926 807 trans-

160 852 333 916 missi
375 863 536 912 sunt.
640 848 899 910 Unicam
945 847 1240 909 feminam
1290 846 1461 930 cepit
1509 868 1550 907 a
1590 845 1927 930 Stillsried

162 973 360 1037 prope
393 947 806 1032 Hirschberg.

295 1154 351 1213 4.
398 1150 754 1229 segmentis
786 1154 827 1209 2
853 1144 914 1209 et
948 1155 985 1210 3
1013 1144 1182 1218 basi,
1224 1142 1622 1229 sequentibus
1647 1151 1930 1227 margine

166 1247 638 1333 rufescentibus.
667 1283 750 1292 -—
777 1246 1141 1327 Longitudo
1167 1244 1297 1305 fere
1324 1253 1362 1308 7
1393 1245 1718 1306 linearum.
1794 1247 1930 1309 An-

169 1363 395 1413 temnae
421 1347 1006 1429 suscoserrugineae,
1036 1344 1303 1404 articulo
1330 1344 1534 1427 primo
1558 1345 1753 1427 nigro,
1786 1345 1933 1405 sub-

161 1463 267 1509 tus
304 1450 484 1508 flavo,
580 1447 838 1507 Caetera
880 1447 1041 1505 sicut
1078 1444 1143 1504 in
1189 1467 1354 1505 mare
1389 1444 1682 1526 genuino,

295 1547 564 1607 Unicum
591 1567 823 1606 marem
857 1544 984 1605 vidi
1011 1543 1076 1603 in
1100 1565 1314 1604 museo
1341 1548 1610 1606 Comitis
1633 1543 1712 1607 de
1732 1541 1933 1625 Hoff-

168 1666 512 1726 mannsegg
561 1645 673 1705 sub
723 1645 976 1704 nomine
1018 1643 1200 1705 Iclm.
1239 1648 1637 1716 mercatorii,
1692 1643 1768 1704 de
1807 1662 1932 1726 quo

166 1745 450 1808 conferas
484 1744 757 1828 speciem
795 1754 1176 1825 sequentem.

422 1930 619 2011 Syno
639 1947 859 2010 nyma
903 1922 1135 1985 maris
1192 1934 1268 1983 et
1319 1922 1684 1986 feminae:

170 2047 214 2108 I
214 2043 349 2108 clm.
391 2043 815 2126 infractorius
850 2035 1168 2099 Gravenh.
1207 2036 1595 2112 Pedemont.,
1643 2062 1701 2100 n.
1745 2040 1847 2104 50.

923 2219 1191 2282 Maris:

174 2339 355 2402 Ichn.
397 2336 737 2399 Schaefferi
770 2337 942 2397 Icon.
971 2335 1093 2396 tab.
1123 2342 1206 2398 20
1229 2334 1329 2417 fig.
1359 2342 1397 2399 9
1425 2346 1488 2401 et
1507 2336 1630 2397 tab.
1663 2343 1744 2400 72
1770 2338 1869 2420 fig.
1897 2340 1937 2402 5

528 2437 684 2516 (tab.
719 2444 802 2498 20
836 2437 938 2518 fig.
982 2444 1018 2500 9
1055 2435 1294 2496 Muller
1327 2433 1615 2496 adhibuit
1648 2436 1724 2496 ad
1756 2436 1936 2499 Ichn.

529 2541 996 2608 curtatorium,
1057 2534 1165 2619 qui
1217 2548 1427 2598 autem
1475 2536 1552 2597 ad
1610 2541 1940 2618 vaginatu-

532 2639 696 2695 rium
731 2648 1012 2716 spectare
1046 2634 1350 2715 videtur).

176 2736 356 2803 Ichn.
394 2737 822 2798 tolutatorius
853 2735 1148 2819 Trentep.
1190 2733 1258 2795 in
1290 2733 1456 2796 Iside
1496 2740 1690 2809 1826,
1737 2756 1799 2819 p.
1839 2742 1939 2801 83

530 2855 590 2893 n.
640 2839 744 2895 28.

862 3015 1262 3080 Feminae:

167 3132 363 3198 lehn.
405 3130 829 3215 infractorius
856 3130 1091 3190 Panzer
1118 3131 1353 3203 Fauna,
1400 3130 1450 3190 F
1455 3151 1574 3192 asc.
1603 3137 1683 3193 78
1709 3128 1832 3190 tab.
1872 3136 1941 3199 93

532 3229 772 3292 habitat
830 3228 897 3290 in
932 3229 1200 3292 dumetis
1240 3243 1305 3292 et
1347 3230 1604 3292 floribus
1653 3225 1948 3290 umbelli—
