1934 3690
64 158 150 220 70
539 147 542 151 ’
632 170 714 216 ιγ.
763 166 1035 209 PARTES
1081 168 1270 208 ORIS.

66 326 287 378 neum;
331 303 531 366 forma
558 303 744 376 varia,
791 301 1190 385 triangulare,
1239 299 1838 377 semiorbiculatum,

65 405 510 476 transversale,
558 402 979 473 rotundatum,
1029 402 1546 486 subquadratun13
1593 401 1839 484 saepius

69 504 417 587 appendice
445 502 675 585 apicali
702 503 1170 562 membranacea
1197 501 1574 584 angustiore,
1603 514 1673 561 ut
1697 501 1842 582 plu-

68 603 297 664 rimum
324 603 629 674 subulata,
679 600 993 662 interdum
1018 599 1407 683 triangulari,
1455 612 1728 660 auctum.
1757 632 1845 646 ·--

68 701 343 763 Labium
371 701 793 782 compositum
823 713 917 760 est
940 723 974 761 e
1000 713 1212 761 mento
1240 713 1302 761 et
1328 699 1562 781 lingua.
1655 700 1845 760 Men-

71 813 207 863 tum
257 813 353 862 est
392 821 719 872 corneum,
769 799 1059 882 plurimis
1103 799 1481 883 pubescenS,
1528 796 1845 867 rarissime

71 899 427 960 coriaceum
486 912 593 959 aut
647 899 1335 971 submembranaceum,
1402 898 1600 958 forma
1655 895 1845 968 varia,

70 996 261 1080 longe
295 998 586 1080 plurimis
627 1011 838 1059 tamen
871 1020 1300 1082 compressum
1343 1018 1690 1058 convexum
1733 994 1850 1054 oh-

72 1097 395 1170 conicum,
453 1098 877 1178 multisvero
927 1098 1329 1169 suhovatum,
1385 1095 1583 1157 rarius
1631 1093 1850 1154 cunci-

71 1195 274 1257 forme
310 1209 418 1256 aut
453 1197 1003 1279 subrectangulum
1045 1218 1154 1257 seu
1190 1197 1458 1260 lineare3
1506 1193 1684 1276 apice
1710 1194 1851 1273 ple-

70 1296 287 1378 risque
319 1295 729 1356 tridentatum
766 1307 872 1354 aut
905 1295 1331 1365 bidentatum,
1376 1293 1594 1353 multis
1631 1304 1852 1352 rotun-

74 1395 287 1456 datum
326 1408 433 1455 aut
459 1409 849 1466 truncatum,
896 1393 1097 1453 rarius
1137 1391 1619 1473 emarginatum,
1663 1391 1856 1452 raris·-

75 1494 232 1554 sime
278 1493 543 1554 bifidum
590 1507 696 1553 aut
740 1495 1140 1576 productum.
1239 1492 1529 1572 Lingua,
1584 1492 1660 1552 ab
1708 1492 1850 1551 aliis

74 1591 315 1655 labium
377 1607 761 1675 nuncupata,
824 1594 1293 1653 membranacea
1352 1605 1480 1663 est,
1536 1591 1853 1652 rarissime

75 1693 503 1764 subcoriacea,
562 1691 761 1752 forma
810 1692 1005 1762 varia,
1063 1690 1353 1773 plurimis
1414 1690 1850 1771 subquadrata,

75 1792 218 1852 aliis
252 1804 632 1864 transversa,
682 1791 899 1874 paucis
935 1789 1241 1850 obconica
1278 1789 1534 1850 linearis
1571 1787 1855 1869 triangu-

73 1891 224 1951 laris
253 1891 637 1952 subrotunda
676 1889 1159 1969 subrectangula
1184 1889 1465 1961 cordata,
1514 1889 1692 1970 apice
1719 1891 1855 1972 ple-

76 1991 291 2072 risque
329 1991 551 2072 obtusa
590 2002 698 2049 aut
732 1999 1022 2049 truncata
1059 1998 1164 2045 aut
1201 1987 1420 2059 bifida,
1468 1988 1609 2047 aliis
1646 1989 1854 2049 excisa

77 2102 184 2150 aut
219 2090 627 2171 emarginata,
674 2087 893 2172 paucis
933 2086 1268 2146 rotundata
1301 2099 1409 2146 aut
1437 2086 1855 2161 denticulata;

77 2190 455 2271 plerumque
495 2187 895 2269 longitudine
932 2199 1027 2247 est
1064 2186 1290 2258 menti,
1338 2186 1440 2246 vel
1478 2205 1553 2246 eo
1593 2185 1855 2247 dimidio

75 2287 356 2358 brevior,
404 2286 604 2346 rarius
641 2299 888 2347 tantum
919 2284 1145 2346 tertiae
1180 2284 1375 2368 partis
1413 2283 1549 2366 ejus
1573 2284 1857 2367 longitu-

79 2387 257 2458 dine,
315 2384 631 2445 rarissime
677 2397 888 2446 autem
936 2397 1150 2444 mento
1197 2383 1478 2463 longior3
1538 2397 1855 2444 caeterum

80 2486 185 2549 vel
209 2483 544 2544 latitudine
570 2484 786 2554 menti,
814 2484 917 2543 vel
939 2502 1014 2541 eo
1040 2481 1231 2540 latior
1255 2493 1362 2541 aut
1386 2482 1726 2563 angustior.
1770 2519 1857 2532 —-

81 2582 515 2648 Mandibulae
540 2601 823 2653 corneae,
870 2580 1189 2642 breviores
1215 2593 1322 2640 aut
1346 2580 1664 2661 longiores
1692 2596 1853 2657 sunt,

81 2685 227 2768 plus
274 2682 479 2741 minus
528 2694 842 2752 arcuatae,
891 2693 961 2740 ut
1005 2680 1351 2762 plurimum
1390 2678 1524 2739 basi
1577 2680 1853 2755 latioreS,

80 2784 324 2869 apicem
355 2802 569 2842 versus
610 2793 1003 2862 angustatae,
1050 2779 1249 2840 rarius
1275 2779 1409 2839 basi
1436 2792 1499 2839 et
1523 2778 1700 2862 apice
1725 2780 1856 2843 fere

82 2882 464 2964 aequilatae3
511 2879 823 2940 rarissime
848 2892 1074 2951 rectae,
1100 2879 1512 2961 triangulares
1539 2890 1645 2938 aut
1671 2901 1859 2961 pyra-

81 2981 343 3042 midales
379 2980 479 3040 vel
514 2980 783 3041 lineares
823 3001 933 3040 seu
970 2978 1149 3060 apice
1184 2977 1508 3042 dilatatae;
1556 2976 1735 3060 apice
1760 2977 1860 3037 bi-

81 3081 399 3151 dentatae,
471 3079 750 3163 exceptis
804 3077 1136 3160 perpaucis
1196 3075 1556 3158 speciebus,
1625 3076 1854 3159 quibus

82 3203 242 3264 apex
277 3179 379 3241 vel
417 3177 857 3262 integerrimus
890 3179 994 3240 vel
1029 3177 1406 3238 tridentatus
1430 3187 1543 3236 est.
1636 3174 1855 3236 Jurine

83 3279 342 3365 quidem
384 3290 606 3352 assert,
668 3277 950 3341 omnium
1003 3273 1571 3338 Ichneumonidum
1614 3272 1856 3334 mandi·
