1934 3690
125 129 245 191 150
790 139 1236 186 lanEUMON

119 277 295 346 Ichn'.
333 268 574 345 Geoffr.
624 277 716 354 II,
768 267 848 364 p..
885 266 1045 355 3'40,
1099 304 1158 342 n.
1206 286 1318 355 433
1374 273 1483 343 ubi
1531 279 1736 345 autem
1780 284 1884 347 hic

453 380 837 443 Ichneumon
889 380 1284 464 longitudine
1331 383 1371 445 5
1425 381 1734 451 linearum
1777 385 1888 448 de-

453 478 764 540 scribitur.

121 582 300 644 Iclm.
340 579 582 642 tibialis
615 578 941 662 Fourcroy
976 601 1037 663 p.
1078 576 1232 654 407,
1280 602 1338 644 n.
1385 583 1488 649 44.

207 730 241 755 ‚,
330 680 564 740 Villers
602 701 663 761 p.
707 683 858 751 164,
907 702 965 740 n.
1007 687 1109 744 93.

121 781 302 844 Ichn.
350 785 560 841 viator
594 777 868 842 Schrank
913 768 1149 853 Austr.‚
1198 791 1257 840 n.
1304 780 1450 848 715.

204 929 239 954 ‚,
332 879 577 941 Olivier
612 899 672 960 p.
716 885 865 951 180,
913 903 972 940 ιι.
1017 872 1117 943 81.

207 1028 241 1053 ‚,
329 977 505 1039 Rossi
545 977 742 1037 Mant.
783 979 845 1037 II
881 981 1074 1064 App.,
1124 1002 1182 1040 n.
1225 985 1325 1042 86.

205 1127 240 1152 ,‚
328 1077 750 1141 Walckenaer
784 1099 845 1160 p.
883 1079 992 1151 57,
1040 1102 1098 1140 n.
1136 1082 1237 1141 44.

206 1226 242 1252 „
334 1177 676 1260 Thunberg
709 1177 912 1249 Ichn.,
962 1200 1020 1236 n.
1066 1184 1206 1240 127.
1358 1222 1361 1225 ,

201 1326 236 1352 „
327 1278 534 1339 Gmel.
574 1278 669 1338 ed.
707 1276 887 1338 Linn.
924 1298 985 1359 p.
1039 1283 1238 1348 2687,
1287 1298 1345 1338 n.
1391 1283 1529 1341 122.

200 1426 235 1451 ,‚
326 1377 628 1440 Latreille
665 1378 872 1441 Crust.
917 1374 1103 1450 XIII,
1151 1398 1212 1460 p.
1262 1376 1410 1449 185,
1459 1397 1519 1443 n.
1568 1375 1672 1442 25.

543 1563 770 1623 Notat

246 1676 521 1737 Germar
557 1697 804 1736 mecum
841 1673 1326 1736 communicavit
1349 1674 1512 1735 idem
1539 1675 1726 1759 hujus
1751 1697 1893 1759 spe-

118 1773 237 1833 ciei
306 1774 723 1860 individuum,
794 1774 895 1834 cui
962 1774 1286 1834 Fabricius
1346 1775 1480 1857 ipse
1549 1776 1614 1835 in
1675 1796 1890 1836 museo

117 1873 397 1934 Hiibneri
425 1896 651 1934 nomen
678 1873 996 1936 Ichneum.
1027 1877 1431 1937 annulatoris
1455 1874 1886 1956 adscripscrat.

242 1973 420 2035 John.
452 1963 801 2040 annulator
824 1974 1006 2040 Mun.
1046 1973 1290 2056 pro-dr„
1339 1997 1397 2034 n.
1432 1981 1593 2038 1830
1630 1986 1695 2040 et
1726 1979 1891 2037 1837

115 2073 238 2136 huc
277 2072 444 2133 haud
480 2074 774 2156 pertinet.

242 2173 476 2238 Villers
515 2174 627 2234 sub
662 2173 847 2239 Ichn.
880 2173 1094 2240 tibiali
1117 2173 1405 2238 confudit
1428 2172 1668 2236 Geoffr.
1711 2171 1885 2238 Ichn.

120 2275 201 2334 43
234 2283 297 2330 et
322 2276 431 2343 44,
482 2287 622 2333 nam
648 2273 961 2356 diagnosis
987 2273 1267 2334 desumta
1300 2286 1410 2334 est·
1434 2296 1467 2333 a
1513 2296 1572 2333 n.
1615 2278 1696 2336 43
1734 2271 1890 2352 (huc

123 2373 488 2453 spectante)
571 2373 912 2456 descriptio
980 2385 1189 2439 autem
1243 2395 1278 2437 a
1353 2397 1413 2436 n.
1482 2377 1564 2444 44
1629 2372 1889 2452 (nostro

120 2472 371 2554 Crypto
404 2471 840 2552 gladiatore).

245 2571 336 2630 Ad
369 2570 546 2631 Ichn.
585 2578 887 2633 viatorem
929 2582 1254 2632 auctorum
1291 2572 1683 2635 laudatorum
1724 2568 1891 2634 haud

116 2668 337 2729 referri
381 2669 567 2730 debet
600 2670 777 2732 Ichn.
822 2676 1031 2732 viator
1073 2671 1352 2754 Scopolii
1392 2672 1607 2742 Carn.,
1657 2692 1716 2729 n.
1745 2673 1889 2741 747,

43 2809 45 2811 -
120 2780 340 2827 »totus
370 2767 567 2849 niger,
615 2768 957 2830 femoribus
983 2768 1190 2842 fulviS,
1240 2769 1525 2831 antennis
1556 2769 1887 2841 annulatiS,

118 2865 448 2932 abdomine
476 2867 761 2950 longiore
798 2889 983 2951 quam
1026 2868 1307 2940 aculeus3
1331 2894 1360 2925 c<
1408 2889 1522 2929 nec
1545 2868 1727 2934 Ichn.
1761 2874 1890 2929 via-

119 2980 225 3030 tor
258 2964 492 3029 Villers
527 2989 587 3050 p.
637 2974 784 3040 163,
846 2989 902 3025 n.
949 2973 1057 3031 885
1107 2980 1325 3029 auctor
1362 2967 1528 3030 enirn
1564 2967 1890 3050 diagnosin

118 3087 195 3129 ex
244 3064 386 3124 Ent.
440 3066 620 3127 Carn.
661 3064 998 3146 excerpsit,
1059 3065 1548 3149 descriptionem
1599 3079 1804 3126 autem
1853 3088 1888 3127 e

115 3164 640 3247 descriptionibus
665 3165 841 3227 Ichn.
871 3170 1135 3226 viatoris
1158 3165 1434 3247 Scopolii
1462 3177 1525 3226 et
1545 3164 1885 3237 Schrankii,

117 3262 467 3353 specierum
496 3262 753 3331 duarum
788 3265 1200 3335 diversarum,
1260 3250 1633 3348 composuit.
