1934 3690
594 200 760 243 ram.
808 188 864 254 Ι,
911 201 1101 248 secr.
1151 208 1232 247 lx.
1667 196 1797 259 545

39 345 147 396 aut
170 346 475 408 castaneo,
499 334 813 398 interdum
840 338 1025 400 etiarn
1048 342 1290 404 macula
1316 343 1559 405 laterali
1581 345 1790 423 hadia3

0 434 78 499 ‘MS
115 436 212 496 vel
252 433 427 508 ruf0,
469 436 746 519 margine
772 451 878 498 aut
901 441 1149 521 punctis
1175 441 1418 504 duobus
1441 443 1789 511 dorsalibus

0 542 2 595 f
39 536 258 617 nigris,
305 536 405 595 vel
432 534 612 595 badio
651 536 828 618 apice
862 551 969 598 aut
992 561 1224 600 summa
1248 542 1377 602 basi
1416 544 1789 629 punctisque

0 665 3 697 ι
36 631 278 694 duobus
315 633 659 694 dorsalibus
702 634 911 716 nigris.
939 671 1026 682 —
1050 639 1310 701 Caetera
1345 640 1510 702 sicut
1533 643 1599 705 in
1622 666 1790 707 mare

35 736 326 814 genuino,

0 853 3 907 y
165 832 481 910 Quosdam
525 831 666 913 cepi
711 853 924 894 mense
971 835 1250 918 Augusto
1298 850 1363 898 et
1411 836 1594 901 initio
1635 842 1789 925 Sep-

0 942 3 1023 )
35 930 324 1003 tembris,
369 950 568 1013 prope
608 929 933 994 Cudovczm
975 935 1496 1019 Woegselsgruncl
1528 951 1594 1001 et
1628 941 1788 1005 Got-

34 1036 320 1112 tingam,
364 1029 430 1090 in
467 1029 847 1091 umbellatiS.

160 1236 216 1292 6.
262 1226 621 1292 Abdomine
651 1232 870 1309 nigre,
912 1243 1230 1311 segmento
1265 1237 1302 1296 3
1340 1238 1593 1299 macula
1626 1238 1786 1302 late-

32 1331 162 1391 rali
200 1326 393 1391 badia
437 1327 736 1390 obsoleta.
781 1351 862 1389 m.
900 1363 986 1374 -—
1021 1330 1278 1392 Caetera
1324 1332 1487 1395 sicut
1517 1335 1583 1396 in
1618 1360 1785 1401 mare

29 1427 320 1511 genuino,
603 1436 607 1441 '

145 1529 292 1587 Duo
320 1524 640 1587 individua
665 1548 806 1588 cum
832 1526 1131 1590 varietate
1154 1530 1560 1596 antecedente
1583 1557 1785 1622 prope

29 1626 357 1690 Cudovam
401 1625 562 1710 cepi.

153 1812 212 1869 7.
271 1805 632 1870 Abdomine
686 1819 824 1869 toto
875 1811 1074 1888 nigra
1144 1831 1225 1871 m.
1270 1842 1358 1857 --
1409 1810 1780 1894 Longitudo

27 1911 192 1969 6—7
210 1903 259 1989 Ἀ
293 1907 617 1968 linearum.
686 1909 1020 1970 Antennae
1043 1920 1106 1968 et
1128 1911 1272 1971 alae
1292 1910 1453 1971 sicut
1479 1913 1543 1972 in
1569 1915 1780 1996 specie

24 2004 311 2088 genuina.
402 2006 603 2069 Pedes
625 2005 963 2067 femoribus
1000 2008 1220 2067 anticis
1258 2010 1360 2070 vel
1395 2012 1545 2072 totis
1585 2013 1776 2096 nigris

23 2107 126 2166 vel
160 2106 365 2189 apice,
412 2104 723 2165 interdum
746 2104 933 2165 etiam
959 2118 1093 2166 toto
1122 2107 1316 2168 latere
1342 2108 1605 2184 interno,
1651 2112 1777 2173 ser-

23 2203 323 2286 rugineiS,
371 2204 590 2264 mediis
628 2204 938 2264 interdum
967 2205 1143 2286 apice
1168 2205 1554 2290 ferruginem
1600 2210 1774 2272 tibiis

23 2304 245 2364 anticis
294 2303 525 2364 rubro·
573 2315 678 2363 aut
714 2303 1348 2388 fulvo-ferrugineiS,
1401 2307 1622 2370 mediis
1670 2311 1773 2372 vel

23 2403 186 2466 sicut
223 2404 462 2463 anticae
496 2403 598 2463 vel
635 2402 811 2485 apice
846 2402 1021 2486 nigro
1054 2405 1156 2465 vel
1189 2404 1380 2488 nigris
1413 2406 1543 2467 basi
1570 2407 1774 2482 badia,

22 2502 280 2586 posticis
326 2505 427 2563 vel
464 2503 614 2562 totis
653 2501 842 2584 nigris
877 2503 978 2563 vel
1014 2503 1188 2564 basin
1223 2524 1435 2565 versus
1475 2506 1773 2568 obscuro-

19 2602 417 2685 ferrugineiS,
461 2602 658 2662 rarius
686 2601 815 2664 sere
841 2601 991 2662 totis
1015 2601 1384 2686 ferrugineis
1415 2606 1595 2687 apice
1634 2607 1773 2667 solo

19 2701 216 2785 nigro,
305 2700 637 2764 Abdomen
675 2700 944 2784 nigrum,
990 2700 1301 2765 interdum
1338 2703 1773 2764 subcoerules·

20 2823 195 2872 cens;
253 2801 583 2883 segmentis
635 2807 665 2864 1
716 2813 779 2862 et
822 2808 863 2864 2
898 2800 1094 2863 rarius
1142 2802 1770 2886 fusconigricantibus

19 2912 126 2960 aut
162 2899 447 2960 incisuris
484 2898 871 2981 ferrugineis.

149 2998 412 3080 Copiam
445 2998 668 3060 horum
704 2997 963 3059 marium
994 2997 1141 3082 legi,
1189 3020 1373 3083 saepe
1408 3022 1550 3061 cum
1585 3000 1772 3062 mari-

19 3093 136 3156 bus
203 3098 487 3178 genuinis
557 3099 775 3160 eodem
840 3098 984 3160 loco
1050 3110 1115 3160 et
1177 3111 1489 3183 tempore,
1559 3121 1772 3161 mense

75 3208 295 3277 ugusto
332 3197 560 3278 passim
596 3197 663 3258 in
698 3197 1012 3260 montibus
1035 3198 1329 3272 Silesiae,
1371 3198 1436 3260 in
1471 3199 1773 3260 umbella-

160 3306 300 3350 Ichn.
333 3306 516 3364 Europ.
548 3307 661 3352 Pars
691 3307 732 3352 Ῑ.
1214 3298 1298 3363 35
