1997 3680
99 150 227 211 248
569 153 572 156 '
757 160 1208 203 tanEUMoN

104 298 323 385 gineiS,
367 298 588 362 mediis
619 295 1493 381 fuscoferrugineiS,'posticis
1527 292 1735 361 fuscis,
1768 329 1855 348 ---

108 401 368 463 Caetera
406 422 547 460 cum
582 397 813 460 femina
845 398 1116 481 genuina
1152 397 1552 459 conveniunt.

231 500 497 560 Unicum
528 497 919 560 individuum
944 498 1279 582 fennicum
1313 495 1634 578 Sahlberg
1660 507 1861 557 trans-

105 611 295 660 mlslt.

235 746 292 806 4.
350 739 554 803 Tibiis
611 738 805 821 rufis,
868 746 1101 804 anticis
1156 737 1380 801 subtus
1434 736 1860 810 dilatioribus,

108 847 374 925 posticis
414 847 595 925 apice
637 848 837 922 nigro,
897 840 937 901 f.
988 877 1076 887 -—-
1119 839 1397 902 Thoraae
1440 838 1672 900 lineola
1720 848 1862 898 ante

111 942 238 1002 alas
269 953 630 1025 punctoque
654 941 811 1001 infra
837 941 961 1000 alas
989 939 1164 1000 albis.
1234 937 1568 1002 Abdomen
1602 936 1863 1020 nigrum,

114 1038 447 1123 segmentis
488 1042 676 1103 5-7
710 1038 950 1099 macula
976 1039 1206 1100 dorsali
1232 1040 1469 1123 glauca.
1496 1075 1583 1084 —-
1608 1038 1868 1099 Caetera

113 1139 278 1200 sicut
324 1139 389 1198 in
420 1138 650 1199 femina
682 1139 968 1221 genuina.

240 1239 505 1299 Unicum
530 1237 919 1300 individuum
927 1238 1262 1321 sennicum
1290 1235 1610 1319 Sahlberg
1627 1257 1870 1299 mecum

114 1336 617 1400 communicavit.

241 1493 298 1556 5.
344 1490 549 1554 Tibiis
586 1488 771 1571 rufis,
801 1491 1260 1577 posterioribus
1288 1498 1468 1578 apice
1499 1499 1707 1576 nigrO,
1751 1495 1875 1557 alis

97 1591 604 1677 fuscohyalinis.
664 1591 708 1653 f.
758 1629 838 1637 -—
892 1592 1260 1675 Longitudo
1306 1594 1437 1655 fere
1471 1601 1511 1658 7
1543 1593 1870 1656 linearum.

114 1693 287 1756 Alae
311 1689 1160 1774 fuscoferrugineohyalinae,
1194 1693 1478 1777 stigmate
1501 1694 1660 1754 rufo,
1740 1690 1875 1755 Ab·

116 1793 344 1857 domen
395 1793 668 1875 nigrum,
725 1792 1058 1875 segmentis
1096 1798 1136 1855 6
1171 1806 1236 1854 et
1282 1801 1322 1857 7
1353 1794 1594 1854 macula
1641 1790 1873 1853 dorsali

117 1895 294 1957 flava.
329 1929 415 1941 —-
455 1895 714 1954 Caetera
751 1914 895 1952 cum
928 1891 1159 1953 femina
1190 1894 1460 1976 genuina
1495 1902 1874 1975 congruunt3

118 2006 423 2056 antennae
468 2006 678 2055 autem
719 1991 1040 2056 breviores
1087 2006 1258 2078 sunt,
1317 1993 1662 2054 abdominis
1718 2012 1877 2075 apex

120 2095 391 2167 acutior,
437 2094 665 2178 quibus
690 2092 844 2154 haec
880 2092 1146 2155 varietas
1178 2093 1592 2156 Ichneumoni
1628 2112 1883 2175 compu-

126 2200 369 2256 tatorio
407 2194 667 2279 propius
703 2192 973 2266 accedit,
1021 2192 1108 2253 ita
1135 2205 1206 2254 ut
1237 2192 1404 2254 inter
1435 2192 1603 2255 hunc
1635 2204 1700 2255 et
1735 2189 1881 2254 sali-

126 2297 431 2355 catorium
466 2295 743 2357 medium
779 2305 1008 2356 teneat.

254 2393 336 2455 Et
366 2394 525 2456 hanc
557 2394 855 2457 feminam
887 2395 1132 2458 Fennia
1165 2392 1400 2477 genuit.

773 2579 811 2640 S
827 2603 868 2663 y
881 2603 922 2641 n
935 2599 973 2641 o
989 2601 1153 2663 nym
1166 2600 1198 2640 a
1215 2606 1230 2640 z

253 2690 433 2756 Ichn.
471 2693 886 2757 salicatorius
908 2691 1225 2757 Gravenh.
1262 2691 1644 2768 Pedemont.,
1691 2714 1750 2755 n.
1776 2692 1882 2756 24.

547 2874 771 2935 Nota:

257 2989 553 3052 Feminae
582 3002 901 3072 segmento
931 2991 1202 3052 secundo
1226 2990 1563 3075 rufopicto,
1611 2987 1890 3051 abdomi-

133 3090 227 3152 nis
260 3091 439 3175 apice
463 3088 759 3162 acutiore,
806 3090 1067 3172 propius
1093 3092 1398 3152 accedunt
1426 3092 1502 3152 ad
1527 3090 1705 3154 Ichn.
1746 3111 1893 3153 con·-

127 3191 447 3268 susorium
471 3187 766 3251 sectionis
789 3187 1060 3271 quintae,
1087 3190 1193 3249 sed
1215 3192 1479 3275 pedibus
1502 3189 1891 3275 longioribus

133 3300 197 3350 et
239 3288 672 3374 gracilioribus
708 3287 1195 3371 distinguuntur.
