<?xml version="1.0" encoding="UTF-8"?>
<!DOCTYPE html PUBLIC "-//W3C//DTD XHTML 1.0 Transitional//EN"
    "http://www.w3.org/TR/xhtml1/DTD/xhtml1-transitional.dtd">
<html xmlns="http://www.w3.org/1999/xhtml" xml:lang="en" lang="en">
 <head>
  <title>
</title>
<meta http-equiv="Content-Type" content="text/html;charset=utf-8" />
  <meta name='ocr-system' content='tesseract 3.04.00' />
  <meta name='ocr-capabilities' content='ocr_page ocr_carea ocr_par ocr_line ocrx_word'/>
</head>
<body>
  <div class='ocr_page' id='page_1' title='image "./ichneumonologiae01grav/ichneumonologiae01grav_0743.png"; bbox 0 0 1934 3690; ppageno 0'>
   <div class='ocr_carea' id='block_1_1' title="bbox 671 95 1725 153">
    <p class='ocr_par' dir='ltr' id='par_1_1' title="bbox 671 95 1725 153">
     <span class='ocr_line' id='line_1_1' title="bbox 671 95 1725 153; baseline 0.009 -10"><span class='ocrx_word' id='word_1_1' title='bbox 671 103 934 144; x_wconf 59' lang='lat' dir='ltr'>Pauus</span> <span class='ocrx_word' id='word_1_2' title='bbox 978 105 1042 144; x_wconf 84' lang='grc' dir='ltr'>ιι.</span> <span class='ocrx_word' id='word_1_3' title='bbox 1605 95 1725 153; x_wconf 87' lang='grc'>697</span> 
     </span>
    </p>
   </div>
   <div class='ocr_carea' id='block_1_2' title="bbox 678 239 1049 320">
    <p class='ocr_par' dir='ltr' id='par_1_2' title="bbox 678 239 1049 320">
     <span class='ocr_line' id='line_1_2' title="bbox 678 239 1049 320; baseline 0 -22"><span class='ocrx_word' id='word_1_4' title='bbox 678 239 837 320; x_wconf 87' lang='lat' dir='ltr'>Pag.</span> <span class='ocrx_word' id='word_1_5' title='bbox 886 245 1049 302; x_wconf 82' lang='lat'><strong>380.</strong></span> 
     </span>
    </p>
   </div>
   <div class='ocr_carea' id='block_1_3' title="bbox 0 349 1740 1712">
    <p class='ocr_par' dir='ltr' id='par_1_3' title="bbox 0 349 1740 1712">
     <span class='ocr_line' id='line_1_3' title="bbox 125 349 1732 435; baseline 0 -21"><span class='ocrx_word' id='word_1_6' title='bbox 125 352 217 414; x_wconf 91' lang='lat' dir='ltr'>Ad</span> <span class='ocrx_word' id='word_1_7' title='bbox 254 351 448 412; x_wconf 82' lang='lat' dir='ltr'><strong>nostri</strong></span> <span class='ocrx_word' id='word_1_8' title='bbox 487 354 687 432; x_wconf 78' lang='lat' dir='ltr'>Trogi</span> <span class='ocrx_word' id='word_1_9' title='bbox 720 354 941 413; x_wconf 82' lang='lat' dir='ltr'>lutorii</span> <span class='ocrx_word' id='word_1_10' title='bbox 971 350 1298 412; x_wconf 83' lang='lat' dir='ltr'>varietates</span> <span class='ocrx_word' id='word_1_11' title='bbox 1332 349 1508 435; x_wconf 84' lang='lat' dir='ltr'><strong>apice</strong></span> <span class='ocrx_word' id='word_1_12' title='bbox 1541 352 1732 414; x_wconf 89' lang='lat' dir='ltr'>abdo-</span> 
     </span>
     <span class='ocr_line' id='line_1_4' title="bbox 0 449 1731 532; baseline 0.002 -21"><span class='ocrx_word' id='word_1_13' title='bbox 0 451 180 511; x_wconf 85' lang='lat' dir='ltr'>minis</span> <span class='ocrx_word' id='word_1_14' title='bbox 206 463 269 512; x_wconf 86' lang='lat' dir='ltr'>et</span> <span class='ocrx_word' id='word_1_15' title='bbox 291 450 593 512; x_wconf 84' lang='lat' dir='ltr'>femorum</span> <span class='ocrx_word' id='word_1_16' title='bbox 618 450 1001 532; x_wconf 89' lang='lat' dir='ltr'>posticorum</span> <span class='ocrx_word' id='word_1_17' title='bbox 1027 450 1202 530; x_wconf 89' lang='lat' dir='ltr'>nigro</span> <span class='ocrx_word' id='word_1_18' title='bbox 1230 449 1609 512; x_wconf 87' lang='lat' dir='ltr'>adhibendus</span> <span class='ocrx_word' id='word_1_19' title='bbox 1636 466 1731 514; x_wconf 88' lang='lat' dir='ltr'>est</span> 
     </span>
     <span class='ocr_line' id='line_1_5' title="bbox 0 547 1730 631; baseline 0.003 -21"><span class='ocrx_word' id='word_1_20' title='bbox 0 549 382 611; x_wconf 80' lang='lat' dir='ltr'>Ichneumon</span> <span class='ocrx_word' id='word_1_21' title='bbox 435 550 723 631; x_wconf 86' lang='lat' dir='ltr'><em>Atropos</em></span> <span class='ocrx_word' id='word_1_22' title='bbox 778 548 986 607; x_wconf 88' lang='lat' dir='ltr'>Curtis</span> <span class='ocrx_word' id='word_1_23' title='bbox 1045 547 1183 608; x_wconf 89' lang='lat' dir='ltr'>Ent.</span> <span class='ocrx_word' id='word_1_24' title='bbox 1233 549 1379 609; x_wconf 86' lang='lat' dir='ltr'><strong>Brit.</strong></span> <span class='ocrx_word' id='word_1_25' title='bbox 1423 548 1570 612; x_wconf 80' lang='lat' dir='ltr'>fasc,</span> <span class='ocrx_word' id='word_1_26' title='bbox 1618 555 1730 626; x_wconf 87' lang='lat'>58,</span> 
     </span>
     <span class='ocr_line' id='line_1_6' title="bbox 1 647 1734 729; baseline 0.005 -23"><span class='ocrx_word' id='word_1_27' title='bbox 1 669 58 708; x_wconf 91' lang='lat' dir='ltr'>n.</span> <span class='ocrx_word' id='word_1_28' title='bbox 74 651 226 718; x_wconf 75' lang='lat'><strong>234,</strong></span> <span class='ocrx_word' id='word_1_29' title='bbox 258 647 363 708; x_wconf 91' lang='lat' dir='ltr'>ubi</span> <span class='ocrx_word' id='word_1_30' title='bbox 390 659 606 707; x_wconf 85' lang='lat' dir='ltr'>auctor</span> <span class='ocrx_word' id='word_1_31' title='bbox 630 667 878 729; x_wconf 89' lang='lat' dir='ltr'>quoque</span> <span class='ocrx_word' id='word_1_32' title='bbox 902 651 1033 706; x_wconf 87' lang='lat' dir='ltr'>oris</span> <span class='ocrx_word' id='word_1_33' title='bbox 1052 659 1268 728; x_wconf 83' lang='lat' dir='ltr'>partes</span> <span class='ocrx_word' id='word_1_34' title='bbox 1291 651 1490 729; x_wconf 81' lang='lat' dir='ltr'><strong><em>Trogi</em></strong></span> <span class='ocrx_word' id='word_1_35' title='bbox 1510 652 1734 714; x_wconf 82' lang='lat' dir='ltr'>lutorii</span> 
     </span>
     <span class='ocr_line' id='line_1_7' title="bbox 3 744 1734 826; baseline 0.002 -20"><span class='ocrx_word' id='word_1_36' title='bbox 3 744 315 817; x_wconf 85' lang='lat' dir='ltr'>exhibuit,</span> <span class='ocrx_word' id='word_1_37' title='bbox 363 746 530 805; x_wconf 85' lang='lat' dir='ltr'>notis</span> <span class='ocrx_word' id='word_1_38' title='bbox 570 745 888 804; x_wconf 86' lang='lat' dir='ltr'>nonnullis</span> <span class='ocrx_word' id='word_1_39' title='bbox 922 766 954 803; x_wconf 87' lang='lat' dir='ltr'>a</span> <span class='ocrx_word' id='word_1_40' title='bbox 980 744 1396 826; x_wconf 86' lang='lat' dir='ltr'>descriptione</span> <span class='ocrx_word' id='word_1_41' title='bbox 1420 747 1734 810; x_wconf 89' lang='lat' dir='ltr'>Neeseana</span> 
     </span>
     <span class='ocr_line' id='line_1_8' title="bbox 0 841 1736 924; baseline 0.004 -21"><span class='ocrx_word' id='word_1_42' title='bbox 0 841 216 903; x_wconf 87' lang='lat' dir='ltr'>harum</span> <span class='ocrx_word' id='word_1_43' title='bbox 253 844 522 924; x_wconf 89' lang='lat' dir='ltr'>partium</span> <span class='ocrx_word' id='word_1_44' title='bbox 562 843 876 904; x_wconf 86' lang='lat' dir='ltr'>secedens:</span> <span class='ocrx_word' id='word_1_45' title='bbox 934 843 983 903; x_wconf 94' lang='lat' dir='ltr'><strong>E</strong></span> <span class='ocrx_word' id='word_1_46' title='bbox 1013 843 1268 902; x_wconf 90' lang='lat' dir='ltr'>Curtisii</span> <span class='ocrx_word' id='word_1_47' title='bbox 1304 845 1736 911; x_wconf 87' lang='lat' dir='ltr'>observatione</span> 
     </span>
     <span class='ocr_line' id='line_1_9' title="bbox 0 941 1737 1023; baseline 0.003 -21"><span class='ocrx_word' id='word_1_48' title='bbox 0 941 166 1002; x_wconf 89' lang='lat' dir='ltr'>enim</span> <span class='ocrx_word' id='word_1_49' title='bbox 201 941 448 1004; x_wconf 81' lang='lat' dir='ltr'><em>labrum</em></span> <span class='ocrx_word' id='word_1_50' title='bbox 485 941 700 1001; x_wconf 89' lang='lat' dir='ltr'><strong>subtus</strong></span> <span class='ocrx_word' id='word_1_51' title='bbox 734 941 1144 1023; x_wconf 88' lang='lat' dir='ltr'>appendicula</span> <span class='ocrx_word' id='word_1_52' title='bbox 1181 942 1360 1003; x_wconf 88' lang='lat' dir='ltr'>molli</span> <span class='ocrx_word' id='word_1_53' title='bbox 1391 946 1737 1008; x_wconf 85' lang='lat' dir='ltr'>acuminata</span> 
     </span>
     <span class='ocr_line' id='line_1_10' title="bbox 0 1040 1737 1124; baseline 0.005 -25"><span class='ocrx_word' id='word_1_54' title='bbox 0 1052 246 1099; x_wconf 82' lang='lat' dir='ltr'>auctum</span> <span class='ocrx_word' id='word_1_55' title='bbox 285 1054 404 1117; x_wconf 82' lang='lat' dir='ltr'>est3</span> <span class='ocrx_word' id='word_1_56' title='bbox 448 1043 627 1123; x_wconf 83' lang='lat' dir='ltr'>palpi</span> <span class='ocrx_word' id='word_1_57' title='bbox 663 1043 1040 1102; x_wconf 73' lang='lat' dir='ltr'>maxillares</span> <span class='ocrx_word' id='word_1_58' title='bbox 1062 1040 1218 1099; x_wconf 87' lang='lat' dir='ltr'>mala</span> <span class='ocrx_word' id='word_1_59' title='bbox 1248 1041 1575 1124; x_wconf 88' lang='lat' dir='ltr'>quinquies</span> <span class='ocrx_word' id='word_1_60' title='bbox 1600 1046 1737 1108; x_wconf 91' lang='lat' dir='ltr'>lon-</span> 
     </span>
     <span class='ocr_line' id='line_1_11' title="bbox 0 1138 1736 1223; baseline 0.005 -26"><span class='ocrx_word' id='word_1_61' title='bbox 0 1138 202 1219; x_wconf 85' lang='lat' dir='ltr'>giores</span> <span class='ocrx_word' id='word_1_62' title='bbox 253 1152 422 1210; x_wconf 88' lang='lat' dir='ltr'>sunt,</span> <span class='ocrx_word' id='word_1_63' title='bbox 485 1138 734 1198; x_wconf 84' lang='lat' dir='ltr'>articuli</span> <span class='ocrx_word' id='word_1_64' title='bbox 791 1159 999 1198; x_wconf 89' lang='lat' dir='ltr'>earum</span> <span class='ocrx_word' id='word_1_65' title='bbox 1054 1160 1302 1221; x_wconf 90' lang='lat' dir='ltr'>quoque</span> <span class='ocrx_word' id='word_1_66' title='bbox 1346 1140 1736 1223; x_wconf 85' lang='lat' dir='ltr'>longitudine</span> 
     </span>
     <span class='ocr_line' id='line_1_12' title="bbox 0 1237 1740 1321; baseline 0.006 -26"><span class='ocrx_word' id='word_1_67' title='bbox 0 1237 257 1297; x_wconf 76' lang='lat' dir='ltr'>relativa</span> <span class='ocrx_word' id='word_1_68' title='bbox 284 1238 470 1319; x_wconf 91' lang='lat' dir='ltr'>paulo</span> <span class='ocrx_word' id='word_1_69' title='bbox 495 1237 808 1297; x_wconf 89' lang='lat' dir='ltr'>discedere</span> <span class='ocrx_word' id='word_1_70' title='bbox 836 1237 1150 1308; x_wconf 61' lang='lat' dir='ltr'>videntum</span> <span class='ocrx_word' id='word_1_71' title='bbox 1182 1242 1517 1321; x_wconf 83' lang='lat' dir='ltr'>palporum</span> <span class='ocrx_word' id='word_1_72' title='bbox 1537 1242 1740 1305; x_wconf 82' lang='lat' dir='ltr'>labia-</span> 
     </span>
     <span class='ocr_line' id='line_1_13' title="bbox 0 1335 1737 1423; baseline 0.005 -27"><span class='ocrx_word' id='word_1_73' title='bbox 0 1337 153 1397; x_wconf 85' lang='lat' dir='ltr'>lium</span> <span class='ocrx_word' id='word_1_74' title='bbox 199 1335 445 1395; x_wconf 81' lang='lat' dir='ltr'>articuli</span> <span class='ocrx_word' id='word_1_75' title='bbox 497 1342 697 1398; x_wconf 88' lang='lat'>1-—3</span> <span class='ocrx_word' id='word_1_76' title='bbox 745 1336 1144 1417; x_wconf 88' lang='lat' dir='ltr'>subaequales</span> <span class='ocrx_word' id='word_1_77' title='bbox 1209 1351 1377 1410; x_wconf 88' lang='lat' dir='ltr'>sunt,</span> <span class='ocrx_word' id='word_1_78' title='bbox 1448 1348 1478 1402; x_wconf 92' lang='lat'>1</span> <span class='ocrx_word' id='word_1_79' title='bbox 1526 1341 1737 1423; x_wconf 86' lang='lat' dir='ltr'>lingua</span> 
     </span>
     <span class='ocr_line' id='line_1_14' title="bbox 5 1433 1737 1516; baseline 0.006 -25"><span class='ocrx_word' id='word_1_80' title='bbox 5 1434 261 1493; x_wconf 86' lang='lat' dir='ltr'>dimidia</span> <span class='ocrx_word' id='word_1_81' title='bbox 305 1433 571 1493; x_wconf 87' lang='lat' dir='ltr'>brevior.</span> <span class='ocrx_word' id='word_1_82' title='bbox 641 1469 725 1478; x_wconf 91' lang='lat'>—</span> <span class='ocrx_word' id='word_1_83' title='bbox 792 1436 955 1494; x_wconf 86' lang='lat' dir='ltr'>Ilaec</span> <span class='ocrx_word' id='word_1_84' title='bbox 1015 1435 1279 1516; x_wconf 87' lang='lat' dir='ltr'>species,</span> <span class='ocrx_word' id='word_1_85' title='bbox 1347 1460 1381 1497; x_wconf 93' lang='lat' dir='ltr'>e</span> <span class='ocrx_word' id='word_1_86' title='bbox 1435 1439 1737 1504; x_wconf 84' lang='lat' dir='ltr'>relatione</span> 
     </span>
     <span class='ocr_line' id='line_1_15' title="bbox 6 1531 1735 1614; baseline 0.005 -24"><span class='ocrx_word' id='word_1_87' title='bbox 6 1531 294 1603; x_wconf 88' lang='lat' dir='ltr'>Curtisii,</span> <span class='ocrx_word' id='word_1_88' title='bbox 342 1531 570 1614; x_wconf 87' lang='lat' dir='ltr'>passim</span> <span class='ocrx_word' id='word_1_89' title='bbox 605 1531 668 1590; x_wconf 88' lang='lat' dir='ltr'>in</span> <span class='ocrx_word' id='word_1_90' title='bbox 693 1534 932 1613; x_wconf 79' lang='lat' dir='ltr'>Anglia</span> <span class='ocrx_word' id='word_1_91' title='bbox 957 1545 1130 1614; x_wconf 86' lang='lat' dir='ltr'>capta</span> <span class='ocrx_word' id='word_1_92' title='bbox 1155 1546 1274 1605; x_wconf 89' lang='lat' dir='ltr'>est,</span> <span class='ocrx_word' id='word_1_93' title='bbox 1321 1558 1527 1597; x_wconf 89' lang='lat' dir='ltr'>mense</span> <span class='ocrx_word' id='word_1_94' title='bbox 1552 1540 1735 1613; x_wconf 78' lang='lat' dir='ltr'>Julii3</span> 
     </span>
     <span class='ocr_line' id='line_1_16' title="bbox 0 1628 1738 1712; baseline 0.007 -23"><span class='ocrx_word' id='word_1_95' title='bbox 0 1628 168 1689; x_wconf 84' lang='lat' dir='ltr'>larva</span> <span class='ocrx_word' id='word_1_96' title='bbox 199 1630 378 1690; x_wconf 89' lang='lat' dir='ltr'>unius</span> <span class='ocrx_word' id='word_1_97' title='bbox 404 1629 707 1691; x_wconf 78' lang='lat' dir='ltr'>individui</span> <span class='ocrx_word' id='word_1_98' title='bbox 735 1629 983 1712; x_wconf 81' lang='lat' dir='ltr'>degerat</span> <span class='ocrx_word' id='word_1_99' title='bbox 1020 1636 1080 1692; x_wconf 87' lang='lat' dir='ltr'>in</span> <span class='ocrx_word' id='word_1_100' title='bbox 1108 1633 1290 1693; x_wconf 74' lang='lat' dir='ltr'>larva</span> <span class='ocrx_word' id='word_1_101' title='bbox 1310 1634 1738 1701; x_wconf 79' lang='lat' dir='ltr'>Acherontiae</span> 
     </span>
    </p>
   </div>
   <div class='ocr_carea' id='block_1_4' title="bbox 1 1729 304 1812">
    <p class='ocr_par' dir='ltr' id='par_1_4' title="bbox 1 1729 304 1812">
     <span class='ocr_line' id='line_1_17' title="bbox 1 1729 304 1812; baseline -0.007 -20"><span class='ocrx_word' id='word_1_102' title='bbox 1 1729 304 1812; x_wconf 86' lang='lat' dir='ltr'>Atropos.</span> 
     </span>
    </p>
   </div>
   <div class='ocr_carea' id='block_1_5' title="bbox 685 1912 1054 1993">
    <p class='ocr_par' dir='ltr' id='par_1_5' title="bbox 685 1912 1054 1993">
     <span class='ocr_line' id='line_1_18' title="bbox 685 1912 1054 1993; baseline 0.008 -25"><span class='ocrx_word' id='word_1_103' title='bbox 685 1912 842 1993; x_wconf 85' lang='lat' dir='ltr'>Pag.</span> <span class='ocrx_word' id='word_1_104' title='bbox 895 1918 1054 1975; x_wconf 82' lang='lat'><strong>398.</strong></span> 
     </span>
    </p>
   </div>
   <div class='ocr_carea' id='block_1_6' title="bbox 0 2023 1735 2605">
    <p class='ocr_par' dir='ltr' id='par_1_6' title="bbox 0 2023 1735 2605">
     <span class='ocr_line' id='line_1_19' title="bbox 122 2023 1731 2117; baseline 0.007 -32"><span class='ocrx_word' id='word_1_105' title='bbox 122 2025 409 2107; x_wconf 81' lang='lat' dir='ltr'>Alomya</span> <span class='ocrx_word' id='word_1_106' title='bbox 475 2036 701 2084; x_wconf 74' lang='lat' dir='ltr'>ovator</span> <span class='ocrx_word' id='word_1_107' title='bbox 767 2023 1055 2105; x_wconf 84' lang='lat' dir='ltr'>frequens</span> <span class='ocrx_word' id='word_1_108' title='bbox 1117 2039 1210 2087; x_wconf 87' lang='lat' dir='ltr'>est</span> <span class='ocrx_word' id='word_1_109' title='bbox 1263 2028 1425 2088; x_wconf 91' lang='lat' dir='ltr'>circa</span> <span class='ocrx_word' id='word_1_110' title='bbox 1480 2031 1731 2117; x_wconf 83' lang='lat' dir='ltr'>Netley.</span> 
     </span>
     <span class='ocr_line' id='line_1_20' title="bbox 0 2121 1733 2208; baseline 0.005 -26"><span class='ocrx_word' id='word_1_111' title='bbox 0 2123 278 2183; x_wconf 83' lang='lat' dir='ltr'>Feminis</span> <span class='ocrx_word' id='word_1_112' title='bbox 314 2121 501 2180; x_wconf 88' lang='lat' dir='ltr'>tibiae</span> <span class='ocrx_word' id='word_1_113' title='bbox 538 2121 812 2201; x_wconf 82' lang='lat' dir='ltr'>posticae</span> <span class='ocrx_word' id='word_1_114' title='bbox 848 2123 1022 2205; x_wconf 88' lang='lat' dir='ltr'>apice</span> <span class='ocrx_word' id='word_1_115' title='bbox 1055 2145 1291 2185; x_wconf 86' lang='lat' dir='ltr'>summo</span> <span class='ocrx_word' id='word_1_116' title='bbox 1326 2127 1535 2208; x_wconf 84' lang='lat' dir='ltr'>nigrae</span> <span class='ocrx_word' id='word_1_117' title='bbox 1561 2144 1733 2202; x_wconf 83' lang='lat' dir='ltr'>sunt3</span> 
     </span>
     <span class='ocr_line' id='line_1_21' title="bbox 0 2219 1735 2302; baseline 0.007 -25"><span class='ocrx_word' id='word_1_118' title='bbox 0 2219 320 2279; x_wconf 68' lang='lat' dir='ltr'>individuo</span> <span class='ocrx_word' id='word_1_119' title='bbox 359 2220 622 2279; x_wconf 68' lang='lat' dir='ltr'>maximo</span> <span class='ocrx_word' id='word_1_120' title='bbox 676 2242 881 2280; x_wconf 86' lang='lat' dir='ltr'>earum</span> <span class='ocrx_word' id='word_1_121' title='bbox 917 2237 1296 2302; x_wconf 86' lang='lat' dir='ltr'>segmentum</span> <span class='ocrx_word' id='word_1_122' title='bbox 1339 2233 1367 2287; x_wconf 93' lang='lat'>1</span> <span class='ocrx_word' id='word_1_123' title='bbox 1407 2239 1607 2288; x_wconf 90' lang='lat' dir='ltr'>totum</span> <span class='ocrx_word' id='word_1_124' title='bbox 1642 2231 1735 2289; x_wconf 89' lang='lat' dir='ltr'>ni-</span> 
     </span>
     <span class='ocr_line' id='line_1_22' title="bbox 0 2319 1727 2399; baseline 0.006 -21"><span class='ocrx_word' id='word_1_125' title='bbox 0 2338 171 2399; x_wconf 85' lang='lat' dir='ltr'>grum</span> <span class='ocrx_word' id='word_1_126' title='bbox 209 2332 320 2379; x_wconf 89' lang='lat' dir='ltr'>est.</span> <span class='ocrx_word' id='word_1_127' title='bbox 411 2320 634 2380; x_wconf 77' lang='lat' dir='ltr'>Mares</span> <span class='ocrx_word' id='word_1_128' title='bbox 672 2319 1015 2380; x_wconf 80' lang='lat' dir='ltr'>transmissi</span> <span class='ocrx_word' id='word_1_129' title='bbox 1054 2321 1127 2379; x_wconf 87' lang='lat' dir='ltr'>ad</span> <span class='ocrx_word' id='word_1_130' title='bbox 1162 2324 1484 2386; x_wconf 71' lang='lat' dir='ltr'>varietates</span> <span class='ocrx_word' id='word_1_131' title='bbox 1512 2349 1563 2386; x_wconf 89' lang='lat' dir='ltr'>a.</span> <span class='ocrx_word' id='word_1_132' title='bbox 1594 2349 1645 2388; x_wconf 90' lang='lat' dir='ltr'>c.</span> <span class='ocrx_word' id='word_1_133' title='bbox 1675 2351 1727 2389; x_wconf 93' lang='lat' dir='ltr'>e.</span> 
     </span>
     <span class='ocr_line' id='line_1_23' title="bbox 0 2416 1734 2506; baseline 0.008 -32"><span class='ocrx_word' id='word_1_134' title='bbox 0 2416 37 2475; x_wconf 76' lang='lat' dir='ltr'>f.</span> <span class='ocrx_word' id='word_1_135' title='bbox 88 2439 142 2498; x_wconf 89' lang='lat' dir='ltr'>g.</span> <span class='ocrx_word' id='word_1_136' title='bbox 193 2431 254 2476; x_wconf 86' lang='lat' dir='ltr'>et</span> <span class='ocrx_word' id='word_1_137' title='bbox 298 2418 370 2475; x_wconf 90' lang='lat' dir='ltr'>ad</span> <span class='ocrx_word' id='word_1_138' title='bbox 418 2439 635 2476; x_wconf 71' lang='lat' dir='ltr'>novam</span> <span class='ocrx_word' id='word_1_139' title='bbox 684 2417 1070 2490; x_wconf 70' lang='lat' dir='ltr'>varietatem,</span> <span class='ocrx_word' id='word_1_140' title='bbox 1130 2419 1472 2485; x_wconf 82' lang='lat' dir='ltr'>abdomine</span> <span class='ocrx_word' id='word_1_141' title='bbox 1513 2432 1734 2506; x_wconf 83' lang='lat' dir='ltr'>m‘gro,</span> 
     </span>
     <span class='ocr_line' id='line_1_24' title="bbox 0 2516 1643 2605; baseline 0.005 -29"><span class='ocrx_word' id='word_1_142' title='bbox 0 2529 452 2597; x_wconf 78' lang='lat' dir='ltr'>segmentorum</span> <span class='ocrx_word' id='word_1_143' title='bbox 493 2524 533 2578; x_wconf 74' lang='lat'><strong>2</strong></span> <span class='ocrx_word' id='word_1_144' title='bbox 578 2527 638 2575; x_wconf 88' lang='lat' dir='ltr'>et</span> <span class='ocrx_word' id='word_1_145' title='bbox 686 2523 722 2576; x_wconf 84' lang='lat'><strong>3</strong></span> <span class='ocrx_word' id='word_1_146' title='bbox 767 2516 1070 2579; x_wconf 80' lang='lat' dir='ltr'>luteribus</span> <span class='ocrx_word' id='word_1_147' title='bbox 1104 2519 1298 2599; x_wconf 83' lang='lat' dir='ltr'>rufis,</span> <span class='ocrx_word' id='word_1_148' title='bbox 1344 2536 1643 2605; x_wconf 88' lang='lat' dir='ltr'>spectant.</span> 
     </span>
    </p>
   </div>
   <div class='ocr_carea' id='block_1_7' title="bbox 0 2698 1729 3094">
    <p class='ocr_par' dir='ltr' id='par_1_7' title="bbox 0 2698 1729 3094">
     <span class='ocr_line' id='line_1_25' title="bbox 673 2698 1047 2779; baseline 0.013 -24"><span class='ocrx_word' id='word_1_149' title='bbox 673 2698 835 2779; x_wconf 88' lang='lat' dir='ltr'>Pag.</span> <span class='ocrx_word' id='word_1_150' title='bbox 887 2705 1047 2764; x_wconf 79' lang='lat'>402.</span> 
     </span>
     <span class='ocr_line' id='line_1_26' title="bbox 122 2809 1729 2894; baseline 0.007 -26"><span class='ocrx_word' id='word_1_151' title='bbox 122 2809 213 2868; x_wconf 89' lang='lat' dir='ltr'>Ad</span> <span class='ocrx_word' id='word_1_152' title='bbox 258 2809 548 2869; x_wconf 85' lang='lat' dir='ltr'>seminam</span> <span class='ocrx_word' id='word_1_153' title='bbox 593 2811 912 2894; x_wconf 81' lang='lat' dir='ltr'>Alomyae</span> <span class='ocrx_word' id='word_1_154' title='bbox 960 2820 1240 2876; x_wconf 58' lang='lat' dir='ltr'>oratoris</span> <span class='ocrx_word' id='word_1_155' title='bbox 1284 2817 1468 2876; x_wconf 86' lang='lat' dir='ltr'>etiam</span> <span class='ocrx_word' id='word_1_156' title='bbox 1511 2819 1729 2880; x_wconf 77' lang='lat' dir='ltr'>referri</span> 
     </span>
     <span class='ocr_line' id='line_1_27' title="bbox 0 2904 1728 2992; baseline 0.009 -27"><span class='ocrx_word' id='word_1_157' title='bbox 0 2904 179 2967; x_wconf 87' lang='lat' dir='ltr'>debet</span> <span class='ocrx_word' id='word_1_158' title='bbox 223 2911 453 2969; x_wconf 85' lang='lat' dir='ltr'>Alom:</span> <span class='ocrx_word' id='word_1_159' title='bbox 518 2912 717 2968; x_wconf 72' lang='lat' dir='ltr'>victor</span> <span class='ocrx_word' id='word_1_160' title='bbox 772 2910 976 2970; x_wconf 89' lang='lat' dir='ltr'>Curtis</span> <span class='ocrx_word' id='word_1_161' title='bbox 1031 2913 1170 2974; x_wconf 85' lang='lat' dir='ltr'>Eut.</span> <span class='ocrx_word' id='word_1_162' title='bbox 1224 2917 1369 2976; x_wconf 88' lang='lat' dir='ltr'>Brit.</span> <span class='ocrx_word' id='word_1_163' title='bbox 1422 2918 1563 2980; x_wconf 83' lang='lat' dir='ltr'>fasc.</span> <span class='ocrx_word' id='word_1_164' title='bbox 1617 2928 1728 2992; x_wconf 89' lang='lat'>30,</span> 
     </span>
     <span class='ocr_line' id='line_1_28' title="bbox 0 3006 1728 3094; baseline 0.007 -29"><span class='ocrx_word' id='word_1_165' title='bbox 0 3025 50 3065; x_wconf 85' lang='lat' dir='ltr'>n.</span> <span class='ocrx_word' id='word_1_166' title='bbox 88 3012 231 3077; x_wconf 77' lang='lat'>120,</span> <span class='ocrx_word' id='word_1_167' title='bbox 277 3006 630 3066; x_wconf 78' lang='lat' dir='ltr'>differentia</span> <span class='ocrx_word' id='word_1_168' title='bbox 668 3008 860 3080; x_wconf 90' lang='lat' dir='ltr'>enim,</span> <span class='ocrx_word' id='word_1_169' title='bbox 918 3032 951 3070; x_wconf 90' lang='lat' dir='ltr'>a</span> <span class='ocrx_word' id='word_1_170' title='bbox 990 3025 1307 3094; x_wconf 86' lang='lat' dir='ltr'>segmento</span> <span class='ocrx_word' id='word_1_171' title='bbox 1352 3023 1379 3076; x_wconf 92' lang='lat'>1</span> <span class='ocrx_word' id='word_1_172' title='bbox 1418 3027 1552 3075; x_wconf 90' lang='lat' dir='ltr'>toto</span> <span class='ocrx_word' id='word_1_173' title='bbox 1588 3019 1728 3078; x_wconf 85' lang='lat' dir='ltr'>ruso</span> 
     </span>
    </p>
   </div>
   <div class='ocr_carea' id='block_1_8' title="bbox 0 3101 1731 3288">
    <p class='ocr_par' dir='ltr' id='par_1_8' title="bbox 0 3101 1731 3288">
     <span class='ocr_line' id='line_1_29' title="bbox 0 3101 1731 3195; baseline 0.008 -34"><span class='ocrx_word' id='word_1_174' title='bbox 0 3101 211 3182; x_wconf 84' lang='lat' dir='ltr'>petita,</span> <span class='ocrx_word' id='word_1_175' title='bbox 269 3105 434 3186; x_wconf 90' lang='lat' dir='ltr'>quod</span> <span class='ocrx_word' id='word_1_176' title='bbox 476 3104 539 3165; x_wconf 89' lang='lat' dir='ltr'>in</span> <span class='ocrx_word' id='word_1_177' title='bbox 575 3107 683 3168; x_wconf 88' lang='lat' dir='ltr'>Al.</span> <span class='ocrx_word' id='word_1_178' title='bbox 725 3106 1112 3171; x_wconf 84' lang='lat' dir='ltr'>debellatore</span> <span class='ocrx_word' id='word_1_179' title='bbox 1146 3111 1454 3192; x_wconf 89' lang='lat' dir='ltr'>petiolum</span> <span class='ocrx_word' id='word_1_180' title='bbox 1490 3113 1731 3195; x_wconf 89' lang='lat' dir='ltr'>nigrum</span> 
     </span>
     <span class='ocr_line' id='line_1_30' title="bbox 0 3196 1724 3288; baseline 0.012 -32"><span class='ocrx_word' id='word_1_181' title='bbox 0 3196 211 3262; x_wconf 69' lang='lat' dir='ltr'>habere</span> <span class='ocrx_word' id='word_1_182' title='bbox 245 3201 492 3274; x_wconf 86' lang='lat' dir='ltr'>debeat,</span> <span class='ocrx_word' id='word_1_183' title='bbox 540 3207 836 3268; x_wconf 85' lang='lat' dir='ltr'>momenti</span> <span class='ocrx_word' id='word_1_184' title='bbox 871 3208 1054 3270; x_wconf 89' lang='lat' dir='ltr'>nimis</span> <span class='ocrx_word' id='word_1_185' title='bbox 1087 3209 1282 3271; x_wconf 90' lang='lat' dir='ltr'>laevis</span> <span class='ocrx_word' id='word_1_186' title='bbox 1307 3232 1441 3273; x_wconf 87' lang='lat' dir='ltr'>esse</span> <span class='ocrx_word' id='word_1_187' title='bbox 1466 3212 1724 3288; x_wconf 80' lang='lat' dir='ltr'>videtur,</span> 
     </span>
    </p>
   </div>
  </div>
 </body>
</html>
