1997 3680
214 140 340 198 720
600 194 603 197 ,
815 146 1351 190 sUPPLEmssN‘rA

896 285 1058 367 Pag.
1104 289 1281 347 292.

339 399 724 462 Ichneumon
763 396 1173 461 dissectorius
1202 397 1381 456 Panz.
1419 415 1602 477 quem
1639 393 1714 455 ad
1748 396 1959 459 Meto·-

212 507 384 588 pz'um
416 505 716 563 sicarium
751 497 938 557 dubie
977 493 1263 567 adhibui,
1320 507 1482 556 teste
1525 493 1829 566 Curtisio‚
1889 495 1956 558 in

213 602 356 661 Ent.
396 601 543 662 Brit.
579 597 725 659 fase.
768 599 823 670 Ι,
880 619 938 657 n.
977 600 1045 669 4,
1102 616 1240 679 pag.
1273 602 1343 668 2,
1400 593 1588 656 etiam
1619 593 1686 654 in
1716 595 1958 676 Anglia

211 701 401 784 degit.
439 714 442 717 '

889 879 1047 960 Pag
1108 877 1278 941 295.

342 1023 657 1084 Peltastes
690 1025 1050 1081 necatorius
1089 1017 1297 1078 Curtis
1337 1016 1475 1077 Ent.
1513 1014 1663 1076 Brit,
1701 1016 1873 1076 Fasc.
1910 1017 1961 1091 1,

216 1147 272 1183 n.
309 1126 376 1193 4,
423 1143 558 1203 pag.
600 1129 668 1191 2,
716 1118 950 1200 prodiit
985 1141 1018 1178 e
1055 1139 1221 1199 pupa
1255 1117 1569 1198 Stauropi
1591 1118 1782 1196 Fagi,
1825 1137 1962 1198 pas-

216 1220 456 1301 simque
481 1219 546 1278 in
569 1219 809 1297 Anglia
836 1230 1051 1299 captus
1081 1229 1174 1276 est
1197 1237 1404 1275 mense
1427 1214 1705 1296 Augusti.
1756 1215 1962 1277 Curtis

215 1319 582 1401 suspicatur,
624 1320 1368 1380 Peltasten.necatorium
1402 1336 1778 1391 esse-sexum
1811 1314 1969 1376 alte·-

216 1441 355 1481 rum
392 1419 708 1480 Peltastes
749 1416 1019 1480 dentati.

896 1628 1060 1708 Pag.
1123 1625 1288 1689 305.

345 1772 661 1835 Peltastes
715 1769 1016 1832 dentatus
1062 1765 1271 1826 Curtis
1328 1765 1470 1826 Ent.
1523 1765 1672 1827 Brit.
1724 1765 1870 1827 fasc.
1918 1768 1966 1840 I,

219 1872 344 1934 tab.
393 1877 463 1944 43
529 1868 858 1952 segmentis
907 1875 937 1931 1
990 1879 1053 1927 et
1099 1873 1138 1928 2
1182 1864 1345 1924 haud
1393 1866 1768 1948 marginibus
1819 1865 1969 1926 totis

217 1972 420 2044 flaviS‚
470 1970 575 2031 sed
613 1969 902 2051 utrinque
938 1978 1172 2049 puncto
1200 1965 1357 2025 flavo
1397 1963 1462 2026 in
1489 1966 1729 2046 angulis
1766 1965 1977 2048 apica-⁴

220 2074 405 2134 libus,
432 2108 515 2117 ——
553 2073 625 2129 In
667 2068 878 2129 eadem
912 2066 1124 2126 tabula
1162 2077 1464 2124 antennae
1486 2085 1735 2146 quoque
1764 2075 1826 2123 et
1848 2062 1980 2124 oris

220 2185 427 2258 partes
487 2168 799 2233 exhibitae
853 2179 1022 2238 sunt,
1092 2188 1124 2225 a
1174 2162 1593 2245 descriptione
1640 2163 1970 2224 earundem

221 2271 492 2356 partium
526 2270 804 2350 Metopii
841 2271 1181 2337 necatorii,
1228 2263 1449 2347 pagina
1484 2269 1607 2325 297
1642 2263 1831 2334 edita,
1877 2261 1971 2322 his

222 2371 642 2432 discedentes:
697 2368 1031 2428 Antennae
1077 2364 1356 2424 articulis
1393 2363 1555 2422 ultra
1596 2368 1694 2424 60.
1782 2362 1976 2423 Blan-

224 2470 480 2535 dibulae
515 2468 690 2551 apice
739 2466 982 2527 bifidae.
1085 2466 1279 2546 Palpi
1311 2461 1578 2525 labiales
1620 2458 1897 2520 articulis
1934 2461 1980 2522 4

224 2568 725 2652 subaequalibuS.
839 2568 939 2630 De
996 2565 1340 2648 appendice
1387 2559 1753 2643 triangulari
1811 2556 1979 2621 labri

225 2669 434 2732 Curtis
464 2669 528 2727 in
551 2666 973 2749 descriptione
1006 2664 1260 2724 omnino
1286 2676 1479 2736 tacet,
1529 2683 1642 2722 nec
1675 2659 1818 2719 icon
1844 2677 1981 2719 eam

226 2770 500 2832 exhibet.
540 2804 636 2825 -—.
671 2766 996 2826 Individua
1033 2763 1239 2848 pluria
1273 2764 1501 2846 passim
1540 2762 1700 2822 lecta
1739 2767 1880 2816 sunt
1912 2753 1986 2814 in'

224 2874 503 2952 Anglia,
547 2866 612 2927 in
642 2866 900 2950 pinetis,
948 2887 1158 2924 mense
1184 2857 1407 2933 Juniis
1429 2882 1618 2923 unum
1653 2853 1980 2941 provenie-

225 2971 332 3031 bat
374 2993 407 3031 e
456 2989 622 3052 pupa
670 2968 1129 3047 Lasiocampae
1187 2964 1472 3046 Trifolii.
1521 2994 1607 3004 —-
1652 2959 1981 3018 Caeterum

227 3091 375 3132 vero
427 3082 644 3129 auctor
686 3089 824 3127 cum
862 3064 976 3124 hac
1013 3062 1219 3146 specie
1263 3059 1592 3142 conjunxit
1625 3059 1986 3138 Metopium

231 3173 669 3232 micratorium
693 3168 997 3248 (nostram
1027 3162 1296 3245 speciem
1321 3162 1391 3242 3)
1415 3173 1478 3221 et
1504 3157 1987 3220 Ichneumonem

227 3272 627 3356 polyzonium
648 3265 923 3329 Forsteri
950 3263 1168 3347 (quem
1196 3282 1313 3345 ego
1337 3259 1587 3344 quidem
1610 3256 1685 3318 ad
1711 3251 1989 3340 speciem
