1997 3680
210 112 335 173 520
602 150 605 153 -
865 128 1301 170 1anssu1v10N

209 263 391 327 Ichn.
431 266 829 349 culpatorius
856 263 1092 324 Villers
1125 285 1187 348 p.
1218 269 1367 338 136,
1413 286 1471 337 ny.
1504 269 1573 337 δ’,
1615 262 1855 327 habitat
1888 266 1953 329 in

479 404 482 408 -
559 362 769 423 Gallia
805 362 1080 423 australi.
1653 402 1658 412 x

292 508 330 537 „
386 449 593 523 ¹'Rossi
631 463 721 535 II,
767 484 824 521 n.
854 465 1008 527 7433
1056 459 1186 522 ruri
1221 460 1533 545 frequens·

293 607 330 634 ,‚
421 561 665 623 Olivier
703 583 763 645 p.
797 561 944 634 165,
994 585 1052 621 n.
1086 568 1142 624 6.

291 705 328 733 ‚,
416 661 834 721 Walckenaer
855 681 914 742 p.
944 664 1051 734 49,
1101 684 1157 721 n.
1190 668 1248 724 3.

294 795 334 831 „⁴
420 758 733 821 Gravenh.
760 760 1115 820 Pedemont.
1157 784 1214 821 n.
1244 762 1353 830 843
1399 779 1525 818 mas
1565 770 1627 819 et
1660 757 1907 821 femina.

297 901 334 928 ‚‚
420 858 716 943 Trentep.
750 858 816 919 in
839 859 1002 920 Iside
1034 866 1225 934 1826,
1271 881 1332 942 p.
1359 865 1503 931 217,
1552 881 1610 919 n.
1640 865 1740 922 33.

630 1042 855 1102 Nota:

337 1153 608 1215 Marium
643 1154 969 1217 varietates
1008 1153 1358 1238 descriptae
1395 1177 1427 1216 a
1461 1152 1747 1238 genuinis
1774 1153 1960 1214 mari·
1995 1215 1997 1230 ἶ

210 1249 325 1310 bus
362 1252 612 1333 quidem
647 1252 929 1314 antennis
968 1254 1419 1336 abdomineque
1445 1254 1634 1336 paulo
1659 1253 1962 1315 breviori-

211 1348 326 1408 bus
367 1363 429 1410 et
464 1353 865 1413 crassioribus
902 1351 1152 1414 differre
1190 1354 1422 1424 solent,
1470 1353 1556 1413 ita
1587 1365 1823 1426 tamen,
1873 1365 1958 1425 ut,

211 1445 547 1512 individuis
588 1450 1001 1524 intermediis,
1049 1452 1164 1512 hae
1203 1465 1408 1535 partes
1446 1452 1671 1513 sensim
1706 1452 1964 1513 sensim-

214 1567 337 1627 que
402 1563 721 1612 mutentur
784 1565 969 1634 atque
1036 1551 1101 1611 in
1170 1551 1610 1634 proportiones
1667 1551 1961 1634 genuinas

214 1655 546 1711 transeant.
636 1651 952 1730 Quaedam
981 1650 1227 1710 illarum
1254 1650 1620 1711 varietatum
1646 1651 1966 1712 individua

216 1744 292 1803 ad
317 1744 466 1808 alias
495 1770 743 1832 quoque
770 1750 1008 1833 species
1035 1750 1293 1833 propius
1325 1750 1643 1823 accedunt,
1690 1772 1746 1810 v.
1780 1773 1832 1812 c.
1862 1772 1966 1812 va-

213 1843 452 1906 rietatis
488 1862 742 1931 quartae
788 1849 1179 1910 individuum
1229 1871 1552 1933 parmense
1589 1849 1966 1931 magnitudi-

215 1943 309 2003 nis
355 1945 623 2020 mediae,
671 1948 899 2030 clypeo
945 1961 1081 2009 toto
1129 1949 1335 2031 nigrO,
1385 1960 1702 2030 segmento
1747 1953 1785 2011 4
1832 1947 1962 2009 basi

212 2044 353 2105 ruso
397 2046 574 2129 apice
624 2047 831 2130 nigrO,
890 2047 965 2106 ad
1013 2047 1192 2108 Ichn.
1241 2047 1643 2131 semirnsnm,
1703 2070 1761 2107 n.
1813 2055 1958 2111 202.

217 2144 514 2225 Ejusdem
556 2146 874 2209 varietatis
926 2146 1317 2208 individuum
1369 2144 1700 2233 segmentis
1747 2152 1788 2208 2
1826 2158 1888 2206 et
1925 2154 1964 2211 3

217 2244 554 2318 flavorufiS,
612 2245 785 2305 tibiis
846 2246 1422 2318 subflavicantibu8‚
1476 2245 1748 2305 medium
1790 2258 1966 2306 tenet

215 2342 380 2403 inter
427 2343 591 2406 hunc
640 2344 1123 2406 Ichneumonem
1169 2358 1232 2406 et
1274 2346 1676 2417 divisoriam,
1722 2368 1778 2404 n.
1826 2352 1962 2419 190,

220 2464 334 2503 nec
359 2464 482 2503 non
507 2443 841 2506 individuis
869 2446 1236 2528 quibusdam
1260 2445 1437 2508 Ichn.
1467 2447 1801 2508 luctatorii
1823 2466 1965 2527 per-

216 2541 399 2602 affine
437 2555 546 2603 est.
637 2543 753 2603 Hic
790 2545 1075 2605 conferre
1120 2545 1276 2606 velis
1326 2556 1498 2603 notas
1533 2543 1609 2602 ad
1643 2543 1961 2606 Ichneum.

215 2641 655 2713 luctatorium,
699 2666 757 2701 n.
789 2651 934 2716 162,
984 2657 1046 2704 et
1068 2645 1142 2704 ad
1165 2643 1346 2705 Ichn.
1373 2643 1677 2716 sedulum,
1728 2667 1786 2704 n.
1814 2648 1940 2707 204

313 2740 501 2817 Quod
525 2741 598 2799 ad
621 2745 1045 2824 synonymiam
1071 2743 1178 2826 huj
1190 2764 1258 2805 us
1282 2743 1533 2826 speciei,
1557 2742 1839 2803 confiteri
1864 2764 1963 2804 me

215 2851 496 2921 oportet,
542 2839 1017 2923 descriptioneS‚
1067 2866 1216 2925 quas
1244 2855 1528 2903 auctores
1563 2842 1638 2902 de
1674 2841 1794 2901 hoc
1831 2840 1963 2900 ich-

215 2958 523 2998 neumone
550 2937 892 3011 ediderunt,
931 2942 1113 3002 nimis
1140 2940 1504 3002 constrictas
1530 2962 1682 3004 esse.
1730 2941 1962 3000 Pedum

212 3038 344 3097 sere
370 3056 550 3097 nemo
580 3038 961 3099 mentionem
987 3040 1166 3112 secit3
1214 3041 1384 3101 solus
1410 3040 1654 3100 Olivier
1687 3039 1874 3122 pedes
1900 3039 1959 3100 ei

213 3134 541 3218 adscripsit
586 3135 821 3217 nigros,
871 3139 1038 3221 quod
1082 3153 1287 3202 autem
1333 3141 1410 3200 de
1444 3139 1617 3199 tibiis
1651 3138 1959 3220 tarsisque

213 3232 377 3295 haud
402 3233 671 3318 intelligi
698 3236 902 3298 debet.
962 3240 1053 3300 An
1083 3242 1123 3301 I
1126 3240 1263 3304 clm.
1290 3243 1690 3324 culpatorius
1713 3236 1953 3310 Linnei,
