2017 3789
205 187 306 226 XIV

203 342 346 407 pars
384 318 654 383 secunda
687 330 830 380 ante
853 316 1116 402 primam
1140 317 1362 400 proelo
1393 318 1768 391 tradebatur,
1814 316 1958 378 Ich-

203 455 543 497 neumones
587 431 816 515 anglici
869 444 1074 493 autem
1126 428 1291 492 haud
1339 432 1513 516 prius
1559 430 1715 491 mihi
1759 442 1958 491 trans-

202 549 616 611 mittebantur
652 568 834 630 quam
866 557 1042 629 parte
1079 544 1278 627 prima
1315 543 1447 606 fere
1492 556 1625 620 tota
1666 543 1794 626 jam
1837 542 1957 604 im·-

200 685 442 746 pressa,
499 682 764 745 quorum
798 660 1010 742 itaque
1044 656 1192 718 illos
1227 668 1470 718 tantum
1501 656 1660 719 locis
1699 655 1825 717 suis
1860 655 1958 717 in-

201 799 408 839 serere
452 787 761 859 poteram,
816 772 924 856 qui
970 771 1046 831 ad
1081 792 1306 853 genera
1343 771 1409 832 in
1444 782 1620 855 parte
1651 770 1851 854 prima
1892 782 1957 832 et

197 891 384 953 tertia
406 901 666 950 tractata
697 884 1110 967 pertinebant.
1159 885 1232 944 In
1255 883 1706 968 supplementis
1729 896 1954 958 autem,

198 1004 363 1088 parti
401 991 636 1087 primae
668 998 963 1074 adnexi&
1021 997 1275 1058 notitias
1319 997 1395 1059 de
1427 997 1956 1060 Ichneumonibus

199 1117 490 1201 anglicis,
548 1113 1128 1196 descriptionesque
1173 1110 1521 1194 specierum
1569 1132 1868 1173 novarum
1918 1133 1954 1173 e

199 1232 558 1314 generibus,
629 1249 786 1311 quae
845 1226 910 1286 in
953 1238 1130 1308 parte
1175 1225 1443 1286 secunda
1485 1236 1744 1285 tractata
1791 1236 1951 1297 sunt,

200 1344 475 1408 exhibui.
569 1341 688 1402 Illa
725 1340 1162 1422 supplementa
1197 1359 1366 1411 verO,
1414 1360 1529 1398 nec
1565 1358 1691 1398 non
1716 1337 1952 1398 indices

196 1459 393 1520 totius
419 1454 645 1540 operiS‚
693 1453 855 1537 parti
881 1453 1119 1535 primae
1142 1452 1365 1513 addere
1391 1451 1609 1524 malui,
1644 1473 1787 1511 cum
1810 1471 1953 1528 pars

195 1572 383 1635 tertia
408 1571 535 1655 jam
556 1569 688 1631 fere
716 1567 783 1628 in
813 1566 1294 1649 amplitudinem
1317 1565 1572 1626 nimiam
1596 1564 1951 1638 increverit,

195 1685 397 1771 prima
444 1696 679 1755 autem,
740 1701 998 1742 numero
1046 1680 1469 1764 plagularum,
1536 1678 1841 1740 secundae
1887 1690 1959 1740 et⁴

193 1799 419 1862 tertiae
450 1797 652 1858 multo
688 1794 951 1856 inferior
993 1793 1092 1855 sit.

319 1913 488 1972 Haec
525 1909 978 1993 praemittenda
1015 1920 1208 1968 erant.
1299 1907 1479 1967 Nunc
1513 1917 1749 1978 autem,
1806 1903 1950 1965 Ich-

195 2023 677 2106 neumonologia
726 2044 890 2094 mea,
950 2020 1383 2103 Entomologis
1442 2033 1506 2082 te
1560 2019 1768 2092 trado;
1823 2017 1948 2079 uti-

194 2163 337 2202 nam
368 2138 599 2200 amicos
636 2148 700 2197 et
733 2134 1006 2197 fautores
1041 2133 1339 2196 concilies
1373 2133 1492 2195 tibi
1528 2146 1592 2196 et

1529 2580 1855 2643 auctori

319 2727 551 2811 Scripsi
602 2724 1044 2797 Vratislaviae,

363 2842 465 2902 die
495 2848 570 2905 19
595 2841 783 2902 Mart-i
817 2847 997 2904 1829.
