1934 3690
601 236 762 278 rAM.
809 224 862 289 I,
918 236 1104 277 secr.
1156 238 1235 276 1x.
1672 218 1798 281 569
1846 273 1850 280 .

49 371 423 432 verbotenus
472 384 862 454 receperunt.
977 372 1275 435 Conferas
1320 370 1397 433 ad
1440 369 1594 434 haec
1641 393 1802 456 quae

52 471 166 531 sub
199 469 376 533 [clm.
417 470 767 533 incubitore
805 473 1091 534 monebo,

176 675 232 731 3.
290 667 391 728 De
431 667 699 751 Heyden
750 668 922 729 misit
966 668 1120 729 mihi
1179 668 1566 730 individuum
1620 668 1797 732 Ichn.

50 769 419 828 celeratoris
454 768 774 847 feminae,
838 768 1225 851 alterumque
1281 769 1804 852 Phygadeuontis

50 866 453 948 quadrispini
478 866 799 945 feminae,
864 889 1006 927 cum
1057 867 1307 938 notitia,
1375 888 1437 927 se
1487 867 1636 928 haec
1676 868 1801 928 duo

48 963 396 1035 individua,
467 963 533 1021 in
588 965 742 1024 flore
812 965 1242 1049 Euphorbiae‚
1299 967 1522 1049 copula
1589 966 1804 1048 juncta

49 1061 306 1134 vidisse,
375 1063 781 1124 celeratorem
839 1086 1069 1126 marem
1121 1065 1314 1127 fuisse
1369 1065 1806 1149 quadrispini3

49 1173 250 1234 metu,
299 1183 375 1223 ne
409 1161 825 1245 parjunctum
867 1165 1170 1238 avolaret,
1219 1188 1282 1226 se
1317 1167 1497 1225 ambo
1543 1165 1801 1249 cepisse,

52 1261 272 1322 eodem
321 1273 528 1322 autem
573 1273 889 1322 momento
936 1284 1047 1345 par
1094 1287 1156 1325 se
1200 1264 1603 1346 disjunxisse,
1664 1277 1805 1326 ante

51 1360 536 1442 disjunctionem
612 1381 761 1422 vero
828 1374 1033 1443 partes
1108 1364 1408 1446 genitales
1484 1364 1806 1425 amborum

52 1458 299 1541 junctas
345 1458 555 1521 fuisse.
650 1460 943 1521 Graviter
977 1474 1180 1523 tamen
1206 1484 1448 1534 vereor,
1497 1487 1574 1525 ne
1600 1464 1693 1525 vir
1726 1464 1807 1523 il-

54 1558 266 1618 lustris
315 1579 380 1618 se
417 1558 743 1631 fefellerit,
788 1582 900 1620 nec
930 1583 1137 1622 veram
1175 1563 1465 1644 copulam
1501 1564 1607 1624 sed
1646 1563 1807 1624 forte

55 1656 145 1718 nil
170 1656 288 1716 nisi
326 1656 619 1717 effectum
647 1657 1062 1740 impetuosum
1092 1673 1293 1722 aestus
1321 1662 1639 1743 cujusdam
1662 1663 1808 1723 libi-

54 1755 261 1814 dinosi
289 1754 511 1816 horum
536 1756 1050 1819 animalculorum
1073 1761 1510 1834 observaverit,
1559 1764 1806 1845 qualem

56 1854 166 1915 alii
202 1876 451 1938 quoque
488 1857 871 1938 entomologi
920 1859 982 1918 in
1019 1860 1156 1920 aliis
1195 1859 1447 1921 insectis
1495 1861 1803 1924 viderunt.

55 1953 236 2014 Ichn.
274 1957 588 2016 celerator
615 1968 840 2027 noster,
888 1956 1040 2017 licet
1074 1958 1323 2018 aculeus
1349 1981 1631 2041 prorsum
1668 1962 1806 2022 ahs-

57 2053 344 2114 conditus
392 2054 497 2126 sit,
558 2077 591 2114 e
626 2053 821 2114 forma
860 2056 1137 2136 corporis
1174 2057 1367 2117 totius
1412 2071 1475 2119 et
1511 2073 1809 2121 antenna-

55 2173 194 2211 rum
251 2174 365 2235 pro
422 2152 678 2226 femina,
727 2176 840 2214 nec
896 2175 1010 2236 pro
1067 2177 1260 2228 mare,
1318 2157 1632 2219 habendus
1691 2172 1803 2221 est.

58 2251 262 2334 Phys-g.
303 2251 703 2334 quadrispini
736 2252 961 2313 femina
999 2268 1202 2314 autem
1234 2277 1355 2315 non
1384 2257 1583 2318 solum
1614 2272 1809 2320 meta-

57 2348 311 2411 thorace
353 2351 754 2434 quadrispino
792 2365 854 2412 et
892 2353 1082 2412 forma
1114 2355 1412 2436 segmenti
1450 2358 1651 2439 primi,
1693 2382 1807 2420 nec

60 2470 184 2508 non
224 2450 435 2510 colore
484 2451 779 2532 segmenti
820 2451 1021 2532 quarti
1059 2465 1121 2512 et
1158 2454 1381 2534 pedum
1422 2457 1809 2538 posticorum

61 2548 206 2607 satis
235 2549 307 2607 ab
324 2548 744 2610 Ichneumone
770 2550 1110 2611 celeratore
1135 2552 1361 2626 differt,
1391 2555 1495 2616 sed
1521 2554 1616 2615 his
1643 2557 1806 2618 notis

59 2647 374 2719 omnibuS‚
424 2648 811 2729 reIIquisque
847 2649 1013 2720 aliis,
1061 2671 1199 2709 cum
1235 2673 1344 2713 suo
1380 2676 1575 2726 mare,
1623 2677 1810 2738 quem

60 2769 176 2827 ego
244 2747 299 2806 ei
361 2760 622 2828 nuptum
676 2748 846 2819 dedi,
903 2749 1290 2811 exactissime
1355 2753 1666 2814 convenit.
1723 2788 1811 2799 —

63 2844 403 2921 Quaeritur
428 2859 629 2905 autem
660 2869 801 2906 num
841 2847 1044 2907 forsan
1071 2849 1246 2909 Ichn.
1283 2853 1622 2913 latratoris
1647 2852 1809 2911 indi-

59 2942 242 3001 vidua
280 2946 576 3016 mascula,
625 2946 903 3006 antennis
940 2946 1152 3007 subtus
1188 2948 1405 3020 1'ulvi8,
1453 2971 1648 3010 mares
1685 2950 1809 3010 sint

61 3039 235 3099 Jclm.
277 3044 659 3104 celeratoris.
749 3046 927 3130 Hope
965 3060 1289 3131 utramque
1327 3047 1598 3132 speciem
1637 3049 1807 3134 cepit

62 3138 315 3222 copiose
353 3141 515 3203 circa
553 3144 803 3228 Necley.
