1934 3690
572 179 734 222 um.
781 167 837 233 1,
892 179 1083 221 secr.
1131 180 1212 219 ιι.
1641 165 1766 228 561

27 315 247 400 nigris,
292 314 471 376 tarsis
506 315 716 398 nigris,
806 313 1138 378 Abdomen
1163 313 1367 398 capite
1388 312 1771 400 thoraceque

28 417 218 498 paulo
253 415 497 496 longius
535 427 597 474 et
630 413 818 496 paulo
853 413 1199 495 angustius;
1246 425 1562 494 segmento
1601 421 1631 477 1
1675 415 1770 475 ni-

29 535 139 596 gro
180 513 452 595 margine
491 512 659 585 rus0‚
701 513 890 575 2-5
937 511 1266 573 latitudine
1311 511 1555 596 aequali
1599 513 1768 586 rufiS,

32 619 70 676 6
98 626 159 674 et
189 619 227 675 7
254 612 457 693 nigriS.

158 711 422 771 Unicum
459 730 688 770 marem
722 711 1114 769 austriacum
1148 709 1409 771 Bessero
1441 708 1660 772 debeo.

676 960 1135 1044 Synonyma:

30 1101 210 1167 Ichn.
248 1115 582 1166 castaneus
616 1101 804 1162 Grav.
834 1100 1077 1161 Pedem.
1118 1125 1176 1162 n.
1208 1102 1308 1166 95.
1354 1136 1442 1150 -
1491 1099 1776 1165 varietas

382 1200 518 1261 illic
558 1200 867 1284 descripta
909 1200 985 1260 ad
1029 1214 1300 1262 nostram
1341 1200 1700 1264 varietatem
1736 1205 1780 1267 4

386 1311 646 1383 spectat.

456 1551 683 1612 Nota:

169 1690 464 1753 Feminae
486 1691 675 1773 hujus
702 1689 962 1773 speciei,
1007 1688 1248 1762 habitu,
1297 1703 1544 1765 statura,
1589 1691 1788 1755 forma

46 1802 110 1853 et
131 1791 536 1875 proportione
566 1791 863 1873 partium,
908 1788 1244 1872 praecipue
1275 1791 1492 1850 aculeo
1521 1805 1784 1866 exserte,

47 1891 304 1974 propius
353 1889 655 1950 accedunt
701 1889 775 1948 ad
813 1891 1148 1971 samiIiam
1190 1894 1462 1970 primam
1512 1893 1790 1975 Crypto-

51 2011 224 2062 rum,
271 1989 544 2070 solisque
586 1988 851 2070 pedibus
896 1988 1085 2069 paulo
1133 1989 1536 2049 crassioribus
1570 1990 1795 2049 distin-

52 2101 352 2170 guuntur,
398 2086 547 2147 licet
576 2086 957 2145 individuum
989 2086 1504 2166 pedemontanum
1532 2089 1796 2149 varieta-

51 2187 132 2247 tis
167 2198 419 2268 quartae
456 2185 642 2244 etiam
688 2184 944 2265 pedibus
988 2184 1311 2265 paululum
1357 2187 1792 2268 gracilioribus

55 2308 85 2345 a
116 2284 374 2366 reliquis
402 2282 734 2342 individuis
764 2279 947 2361 hujus
975 2282 1204 2362 speciei
1231 2283 1497 2346 differat.
1547 2288 1798 2347 Praeter

55 2383 329 2444 colorem
355 2394 586 2452 autem,
633 2380 783 2440 haec
818 2378 1052 2460 species
1079 2402 1328 2464 quoque
1350 2383 1631 2444 antennis
1659 2408 1797 2468 gra-

57 2481 380 2543 cilioribus
429 2492 491 2540 et
536 2476 935 2538 crassioribus
982 2479 1192 2542 variat.
1296 2483 1662 2560 Quaeritur,
1720 2506 1799 2543 an

57 2580 265 2640 forsan
331 2579 627 2660 quaedam
683 2577 1038 2648 varietates,
1107 2581 1467 2660 praesertim
1533 2583 1799 2643 varietas

59 2679 242 2740 tertia
280 2689 342 2738 et
381 2677 640 2736 varietas
681 2675 924 2758 quinta,
973 2698 1154 2758 quam
1203 2678 1643 2763 interrogative
1684 2702 1802 2763 pro

59 2799 229 2837 mare
253 2775 616 2836 seminarum
640 2774 1014 2857 reliquarum
1040 2774 1367 2861 descripsi,
1413 2780 1652 2864 species
1678 2781 1804 2841 sint

63 2874 452 2960 peculiares?

180 3373 321 3417 lehn.
355 3373 537 3428 Europ.
568 3370 681 3415 Pars
712 3371 750 3417 1.
1212 3369 1295 3427 86
