2017 3789
200 167 242 223 2
682 179 1045 221 HISTORIA
1103 181 1494 225 CULTURAE

195 313 631 391 Aristotelem,
678 315 819 391 ubi,
867 315 934 378 in
981 317 1044 393 ἓ.
1102 323 1141 381 6
1186 319 1411 404 capitis
1471 321 1657 384 XVII
1697 319 1848 382 libri
1897 324 1973 397 V,

196 417 272 477 de
305 415 632 499 bombylio
670 431 733 478 et
771 416 1077 500 necydalo
1111 418 1422 502 loquitur,
1471 419 1883 482 mutationem
1911 431 1977 480 et

193 531 571 599 proventum
601 517 1043 578 Ichneumonis
1077 518 1402 601 cujusdam
1432 521 1814 591 observasse,
1857 541 1974 580 nec

193 639 342 679 vero
378 619 524 678 satis
575 618 742 678 clare
783 617 1160 699 explicasse,
1210 620 1316 680 sed
1353 620 1506 681 haec
1547 619 1766 702 opinio
1804 641 1972 680 mera

194 731 289 779 est
314 717 668 802 hypotesis,
719 717 1027 798 nulloque
1065 732 1427 800 argumento
1465 721 1646 779 firmo
1687 718 1964 779 suffulta.

193 820 385 879 Recte
414 831 621 878 autem
650 830 864 877 monet
888 802 1132 891 Strack,
1181 819 1355 880 illam
1393 821 1786 880 Piezatorum
1833 842 1974 902 spe-

155 918 379 991 ciem,
430 921 613 1001 quari]
651 916 1022 978 Aristoteles
1072 919 1323 980 nomine
1367 920 1816 982 Ichneumonis
1861 919 1971 982 de-

194 1018 487 1101 signavit,
557 1017 737 1078 nullo
802 1017 990 1077 modo
1054 1018 1130 1077 ad
1199 1031 1444 1079 nostros
1513 1019 1969 1080 Ichneumones

187 1119 409 1180 referri
445 1139 656 1201 posse,
707 1117 814 1176 sed
852 1117 1164 1200 Sphegem
1211 1141 1375 1192 esse,
1426 1141 1564 1179 nam
1610 1120 1780 1180 larva
1831 1119 1967 1202 ejus

186 1217 353 1279 haud
379 1219 443 1277 in
469 1217 626 1279 vivis
658 1216 862 1278 erucis
891 1217 1228 1280 insectisve
1255 1219 1442 1301 degit,
1472 1220 1578 1280 sed
1602 1220 1713 1281 ille
1728 1220 1968 1281 Aristo-

186 1320 334 1379 telis
362 1317 751 1378 Ichneumon
784 1339 1035 1379 araneas
1073 1319 1330 1401 perimit
1369 1342 1597 1402 easque
1623 1319 1745 1380 fert
1781 1320 1846 1380 in
1871 1320 1968 1380 ni-

188 1420 336 1479 dum
363 1441 561 1490 suum,
587 1418 650 1478 id
678 1419 846 1501 quod
871 1417 1037 1479 haud
1065 1418 1559 1480 Ichneumonum
1590 1422 1966 1481 nostratium

189 1521 295 1580 sed
321 1519 636 1603 Sphegum
663 1519 946 1580 moribus
977 1521 1334 1603 respondet.
1363 1554 1448 1565 —
1475 1520 1614 1608 ‘Nec
1640 1521 1805 1603 apud
1831 1522 1966 1583 Pli-

191 1626 366 1682 nium
406 1619 750 1682 secundum
787 1622 1052 1703 vestigia
1086 1621 1361 1681 notionis
1399 1619 1563 1681 circa
1588 1620 1966 1682 Ichneumo-

183 1744 291 1782 nes
322 1722 696 1792 invenimus,
739 1719 846 1779 sed
871 1723 1183 1781 Romanus
1213 1734 1440 1792 noster,
1487 1720 1552 1779 in
1575 1721 1780 1803 capite
1807 1721 1963 1781 XXI

180 1821 330 1882 libri
361 1822 470 1894 XI,
509 1820 695 1882 Verba
723 1819 856 1901 ipsa
881 1820 1235 1881 Aristotelis
1267 1820 1540 1905 repetiit.
1589 1856 1676 1865 —--
1718 1820 1960 1881 Primus

181 1922 307 2004 qui,
359 1933 559 2004 quout
586 1921 802 1993 sciam,
853 1921 1237 1982 evolutionis
1263 1920 1760 1981 Ichneumonum
1785 1944 1962 1981 men-

177 2022 414 2084 tionem
443 2021 624 2094 feeit,
674 2020 1143 2084 Aldrommdus
1183 2034 1295 2082 est.
1390 2020 1617 2102 Pagina
1650 2028 1799 2093 100,
1850 2020 1957 2081 ubi

177 2123 253 2182 de
275 2123 447 2183 coitu
470 2135 533 2184 et
560 2136 743 2206 partu
767 2122 1161 2205 papilionum
1188 2121 1533 2194 disseritur,
1561 2134 1780 2180 auctor
1802 2120 1957 2182 haec

175 2223 419 2306 profert
444 2225 661 2285 verba:
723 2250 751 2280 »
775 2224 1116 2285 Observavi
1143 2223 1238 2283 bis
1267 2244 1534 2294 erucam,
1578 2245 1764 2305 quam
1792 2221 1959 2283 inter

180 2350 209 2379 ›>
227 2324 528 2385 brassicas
556 2345 872 2405 ceperam,
921 2324 1126 2406 primo
1152 2346 1372 2406 parere
1399 2345 1513 2384 ova
1538 2323 1727 2395 lutea,
1774 2322 1953 2385 tenui

178 2451 207 2481 ι)
229 2425 417 2484 etiam
440 2423 722 2484 involuta
748 2424 1070 2506 lanugine,
1120 2424 1323 2506 iisque
1352 2422 1535 2482 editis
1561 2422 1626 2482 in
1651 2422 1955 2505 chrysali-

177 2551 206 2582 ›>
226 2525 366 2585 dem
391 2517 779 2597 commutari,
830 2525 1065 2584 eisdem
1092 2545 1218 2607 quo
1247 2522 1358 2581 illa
1384 2521 1585 2583 fuerat
1612 2523 1949 2595 coloribuS,

174 2625 402 2686 »luteo
439 2623 626 2686 viridi
666 2636 728 2685 et
758 2624 965 2707 nigrO,
1015 2637 1078 2685 et
1115 2624 1282 2707 quod
1320 2622 1546 2682 mirum
1584 2622 1740 2682 mihi
1777 2623 1952 2685 vide-

174 2752 204 2783 ))
223 2725 432 2797 batur,
483 2746 558 2784 ex
592 2723 667 2783 iis
706 2724 841 2785 ovis
877 2725 1160 2787 volucria
1210 2745 1536 2807 erumpere
1575 2724 1948 2785 animalcula

173 2852 204 2884 ³>
226 2826 381 2886 adeo
405 2825 645 2906 exigua,
695 2837 764 2884 ut
793 2825 994 2886 visum
1020 2825 1150 2887 fere
1178 2823 1698 2906 subterfugerent,
1737 2823 1948 2908 qualia

170 2953 202 2984 ³>
221 2925 469 2986 scilicet
492 2924 557 2984 in
581 2925 806 2986 vesicis
839 2926 1152 2985 ulmorum
1179 2925 1442 3008 reperiri
1470 2926 1692 2986 solent.
1771 2925 1945 3004 Qua-

170 3039 367 3086 »tuor
400 3024 713 3087 habebant
753 3026 911 3098 alas,
960 3025 1358 3107 Papilionum
1385 3047 1587 3098 more,
1636 3025 1742 3086 sed
1772 3024 1945 3086 coire

166 3152 204 3183 -»
224 3147 325 3186 eas
372 3125 859 3187 nonobservavi.
961 3126 1192 3186 Colore
1232 3138 1377 3185 sunt
1411 3125 1599 3187 viridi
1638 3147 1707 3184 ac
1744 3125 1939 3197 lute0,

164 3251 201 3284 2>
220 3224 368 3285 atris
402 3246 684 3309 respersa
721 3225 984 3286 maculis
1022 3246 1320 3308 superne,
1370 3224 1613 3284 inferne
1639 3236 1772 3284 tota
1797 3225 1943 3285 sub-

170 3326 461 3386 >›lutea.«
556 3325 844 3410 Quisque
891 3325 1265 3410 perspiciet,
1313 3323 1778 3386 Aldrovandum
1820 3323 1942 3385 hoc
