1934 3690
657 163 798 204 ΗΜ
866 150 919 215 Ι,
966 161 1138 202 sssc‘r
1204 161 1258 202 v.
1702 141 1829 200 303

731 300 1187 381 Synonyma:

91 415 269 478 Ichn.
297 418 675 477 sarcitorius
699 411 876 472 Linn.
904 412 1062 494 Syst.
1092 409 1233 480 XII,
1279 427 1340 490 p.
1363 411 1507 478 930,
1553 426 1612 465 n.
1639 410 1698 468 3.
1747 438 1829 452 —

439 513 648 573 Fauna
684 534 742 572 n.
776 512 967 581 1580;
1013 508 1251 569 habitat
1286 502 1574 588 Upsaliae
1611 501 1769 582 (var.
1786 507 1833 575 β

439 624 647 672 autem
679 609 755 670 ad
781 608 960 670 Ichn.
996 606 1398 670 vadatorium
1436 603 1727 686 spectat).

175 757 212 783 ‚,
297 710 536 770 Fuessl.
563 709 744 771 Helv.
769 730 830 792 p.
862 712 971 781 48,
1018 730 1075 767 n.
1104 712 1258 778 9363
1301 704 1367 765 in
1390 701 1644 764 floribus
1668 697 1835 760 haud

439 829 598 869 raro,

176 954 214 980 ‚,
299 907 534 969 Villers
558 907 668 978 ΙΙΙ,
715 927 776 988 p.
814 910 950 978 142,
988 928 1046 964 n.
1076 908 1190 975 24·,
1237 902 1302 962 in
1329 898 1539 962 Gallia
1557 895 1833 961 australi.

175 1053 212 1079 ‚,
301 1005 508 1066 Gmel.
537 1004 630 1066 ed.
662 1005 841 1066 Linn.
869 1026 930 1088 p.
963 1010 1127 1068 2675
1148 1049 1163 1076 ,
1211 1026 1268 1064 n.
1299 1010 1359 1066 3.

178 1152 214 1179 „
305 1104 549 1166 Olivier
577 1127 635 1187 p.
668 1108 816 1175 164,
864 1127 921 1164 n.
952 1111 1007 1167 3.

176 1252 214 1278 ,‚
303 1203 722 1268 Walckenaer
745 1225 804 1285 p.
833 1205 942 1274 50,
991 1225 1048 1262 n.
1078 1202 1136 1264 5.

177 1351 214 1377 „
303 1302 613 1364 Gravenh.
644 1302 998 1362 Pedemont.
1031 1323 1087 1359 n.
1119 1305 1218 1362 37.

183 1449 218 1475 „
309 1402 556 1462 Thunb.
590 1401 761 1462 Ichn.
790 1423 846 1459 n.
876 1406 977 1461 21.

180 1548 216 1573 ,,
305 1504 599 1582 Trentep.
640 1501 704 1559 in
741 1498 905 1558 Iside
945 1501 1135 1566 1826,
1183 1516 1244 1576 p.
1281 1501 1435 1566 229,
1482 1517 1539 1553 n.
1578 1498 1659 1556 46
1704 1492 1841 1572 (ex-

444 1598 642 1680 ceptis
691 1595 1091 1658 varietatibus
1141 1616 1180 1654 a
1216 1605 1279 1653 et
1315 1592 1383 1665 b,
1428 1615 1584 1675 quae
1627 1605 1839 1652 nostro

447 1702 888 1759 terminatorio
933 1707 996 1754 et
1041 1692 1384 1764 cerinthiO,
1430 1716 1486 1752 n.
1521 1695 1603 1754 94
1641 1703 1702 1750 et
1736 1691 1838 1762 95,

445 1795 659 1855 affines
686 1817 819 1855 esse
844 1794 1155 1863 videntur,
1204 1792 1415 1850 colore
1441 1803 1842 1849 antennarum

447 1906 511 1953 et
542 1906 848 1953 tarsorum
884 1905 1088 1952 autem
1127 1889 1201 1948 ab
1235 1888 1322 1949 eis
1358 1887 1707 1969 recedunt).

102 1994 277 2058 Ichn.
306 1992 653 2077 bipartitus
686 1992 917 2051 Villers
945 1992 1066 2062 III,
1114 2013 1174 2074 p.
1212 1995 1359 2061 142,
1408 2012 1465 2048 n.
1489 1991 1591 2052 24.

520 2160 744 2219 Nota:

232 2272 407 2335 Ichn.
433 2276 810 2333 sarcitorius
835 2271 884 2330 F
890 2269 1014 2329 abr.
1044 2282 1107 2332 et
1131 2268 1405 2341 Panzeri,
1432 2279 1689 2351 propter
1713 2288 1848 2349 seg-

102 2385 308 2433 menta
337 2371 552 2431 ultima
582 2370 926 2430 abdominis
956 2370 1131 2452 apice
1157 2369 1311 2440 alba,
1360 2367 1482 2427 huc
1509 2388 1632 2427 non
1655 2367 1848 2449 perti-

109 2484 286 2543 nent,
337 2471 442 2530 sed
481 2471 553 2529 ad
590 2469 765 2530 Ichn.
795 2468 1214 2531 vadatorium.
1300 2469 1402 2529 De
1439 2466 1613 2529 Ichn.
1651 2472 1854 2528 sarci-

108 2577 276 2632 torio
305 2569 369 2629 in
397 2568 673 2628 Olaffens
701 2567 806 2627 Isl.
836 2567 1012 2628 Reise
1038 2569 1083 2639 Ι,
1120 2568 1181 2644 §.
1211 2575 1348 2640 687,
1388 2570 1494 2638 IV,
1530 2567 1588 2636 b,
1623 2565 1848 2626 dubius

109 2691 264 2741 sum,
289 2669 369 2728 ob
392 2666 873 2749 descriptionem
898 2666 1126 2729 editam
1154 2668 1336 2728 nimis
1362 2667 1613 2728 brevem
1639 2665 1847 2727 »Ichn.

109 2788 383 2848 magnuS,
421 2767 609 2847 niger,
646 2766 910 2826 scutello
934 2766 1275 2839 ssavicante,
1301 2765 1631 2849 segmentis
1655 2773 1698 2827 2
1723 2778 1785 2825 et
1811 2773 1849 2828 3

110 2865 556 2947 ferrugineis-‚a
604 2886 741 2925 raro
777 2864 841 2925 in
870 2864 1136 2925 Islandia
1175 2867 1473 2937 occurrit,
1521 2885 1717 2946 prope
1745 2886 1853 2946 pa-

112 2983 220 3044 gos
268 2962 331 3020 in
376 2961 729 3042 regionibus
777 2964 1142 3048 scopulosis,
1190 2999 1274 3011 —-
1328 2963 1624 3026 Conferas
1670 2983 1855 3044 syno-

115 3082 295 3141 nyma
334 3081 497 3140 spec.
523 3061 857 3142 sequentis,

242 3158 546 3230 Linneus,
591 3160 655 3219 in
679 3160 889 3221 Fauna
921 3159 1195 3234 suecica,
1243 3161 1358 3222 sub
1393 3160 1641 3221 nomine
1679 3159 1854 3222 Iclzn.

115 3261 459 3329 sarcitorii,
505 3256 710 3321 forsan
733 3271 858 3324 tres
881 3259 1122 3345 species
1145 3258 1448 3331 confudit,
1495 3280 1630 3320 nam
1657 3257 1853 3340 quiin
