1934 3690
587 100 1257 144 ICHNEUMONIDUM.
1769 91 1808 146 3

32 247 180 308 loco
215 241 539 304 folliculos
577 239 889 301 larvarum
926 237 1250 320 cujusdam
1299 237 1531 322 speciei
1566 238 1806 298 Micro-

37 359 418 430 gastrorum,
467 363 542 400 ex
580 362 764 400 eruca
804 338 1142 422 papilionis
1190 339 1498 400 brassicae
1535 325 1805 422 prorup-

35 460 265 516 tarum,
315 462 429 526 pro
468 439 601 502 ovis
649 461 869 500 erucae
920 438 1117 521 ipsius
1168 438 1477 500 habuisse.
1573 439 1805 499 Eadem

34 545 260 629 pagina
297 555 503 601 autem
541 553 748 600 narrat
777 552 1024 599 auctor:
1083 540 1268 600 »Alia
1297 562 1510 611 eruca,
1559 562 1699 599 cum
1729 561 1804 599 ex

40 667 158 705 »ea
196 641 529 726 pulchrum
566 640 889 722 quemdam
947 653 1341 722 expectarem
1394 640 1801 722 papilionem,

37 743 239 802 »mihi
276 740 525 826 peperit
560 762 673 800 ova
715 761 972 800 numero
1009 740 1444 823 quadraginta,
1493 740 1805 821 magnitu-

38 844 234 902 »dine
285 841 456 924 grani
502 841 738 914 tritici,
794 840 969 900 luteo
1014 840 1256 912 colore,
1312 840 1488 900 tenui
1534 840 1806 899 obducta

37 969 67 1001 >2
87 943 469 1024 cartilagine,
517 941 582 1001 in
610 962 876 1024 quorum
905 940 1154 1023 singulo
1178 940 1379 1001 inerat
1400 939 1802 1010 vermiculuS‚

39 1043 194 1104 »sed
243 1042 547 1124 numquid
591 1054 807 1125 postea
867 1063 942 1101 ex
988 1040 1161 1103 hisce
1207 1041 1524 1102 vermibus
1581 1042 1806 1102 fierent

39 1141 503 1224 »chrysalide5,
554 1156 623 1202 ut
670 1140 1013 1203 verisimile
1052 1156 1173 1215 est,
1225 1155 1294 1202 ut
1330 1164 1545 1202 verum
1588 1140 1802 1213 fatear,

36 1242 297 1302 »nescio
344 1264 463 1322 qua
513 1242 751 1302 incuria
802 1241 968 1301 haud
1015 1241 1413 1303 observavi«
1470 1277 1558 1286 —-
1611 1241 1805 1301 Paulo

35 1354 182 1424 post
251 1341 504 1423 (1634)
575 1343 840 1424 Mouset
917 1343 1217 1425 quosdam
1280 1341 1803 1402 Ichneumonides

37 1441 279 1524 publici
315 1440 472 1522 juris
507 1440 688 1501 fecit:
737 1442 891 1523 Ejus
918 1443 1186 1502 secunda
1212 1465 1562 1503 muscarum
1587 1444 1806 1526 longa-

35 1563 175 1601 rum
232 1543 472 1622 species
531 1541 664 1602 sine
722 1543 915 1602 dubio
975 1556 1070 1603 est
1125 1544 1381 1625 Pimpla
1442 1549 1801 1626 instigator.

35 1640 249 1701 Tertia
289 1662 540 1723 quoque
581 1642 655 1700 ad
705 1642 1227 1703 Ichneumonides
1278 1642 1624 1704 adhibenda
1671 1669 1804 1707 esse

32 1742 298 1812 videtur,
341 1741 449 1801 sed
474 1740 711 1802 incerta
739 1757 849 1805 est.
946 1744 1179 1803 Eadem
1206 1744 1430 1826 pagina
1460 1752 1539 1809 63
1566 1761 1801 1819 auctor,

36 1840 149 1901 sub
189 1841 440 1901 nomine
479 1864 826 1903 muscarum
864 1844 1186 1925 bipilium,
1235 1845 1481 1904 Foenos
1527 1846 1806 1929 descrip-

37 1941 190 2001 sisse
227 1955 290 2001 et
325 1941 509 2001 icone
545 1941 903 2002 exhibuisse
942 1943 1208 2003 videtur.
1303 1944 1528 2026 Pagina
1557 1952 1637 2010 64
1663 1948 1805 2007 Tri-

33 2041 260 2124 pilium
285 2063 635 2100 muscarum
661 2041 859 2123 prima
885 2043 1141 2125 Pimpla
1168 2064 1299 2103 esse
1323 2057 1560 2125 potest3
1609 2048 1804 2107 altera

36 2154 208 2201 certo
247 2139 434 2222 hujus
472 2141 713 2222 generis
749 2154 870 2213 est,
921 2154 984 2201 et
1021 2143 1273 2224 quidem
1310 2145 1565 2226 Pimpla
1606 2152 1806 2208 mani-

15 2242 337 2323 festator,
364 2241 581 2312 aliave,
617 2241 715 2300 illi
743 2242 965 2302 affinis„
1060 2242 1179 2302 Sed
1202 2242 1366 2303 vitae
1390 2244 1549 2304 ratio
1578 2244 1805 2306 horum

35 2341 417 2401 insectorum
482 2344 721 2401 auctori
786 2341 1043 2401 omnino
1100 2341 1333 2424 fugisse
1391 2343 1658 2407 videtur.
1721 2382 1806 2393 -—

36 2442 274 2502 Eodem
329 2440 460 2501 fere
513 2454 799 2523 tempore
847 2440 1175 2512 Goedart,
1232 2442 1439 2523 studio
1488 2458 1551 2505 et
1594 2469 1804 2508 amore

35 2563 239 2601 mores
284 2554 347 2601 et
385 2541 921 2623 metamorphosin
964 2541 1373 2615 insectorum,
1431 2547 1804 2629 praeprimis

35 2641 454 2724 papilionum,
524 2642 886 2714 observans,
959 2642 1236 2724 saepiuS,
1308 2665 1372 2703 se
1428 2644 1660 2719 invitm
1729 2671 1806 2709 ex

38 2741 238 2800 erucis
265 2753 327 2800 et
350 2739 808 2821 chrysalidibus
849 2763 1065 2802 eorum
1094 2742 1549 2806 Ichneumones
1577 2747 1805 2808 educa-

36 2838 146 2897 vit.
263 2840 488 2899 Omnia
543 2854 777 2914 autem,
850 2865 1008 2925 quae
1074 2842 1233 2901 vidit
1300 2855 1363 2903 et
1430 2845 1800 2920 observavit,

37 2937 368 3020 descripsit
423 2939 837 3024 iconibusque
892 2942 1255 3003 illustravit.
1359 2943 1538 3005 Licet
1595 2960 1801 3008 autem

37 3037 319 3097 Goedart
353 3036 478 3118 jam
518 3060 678 3099 anno
719 3044 879 3106 1635
918 3041 1013 3102 his
1053 3042 1271 3102 studiis
1308 3043 1553 3105 deditus
1592 3047 1800 3120 fuerit,

36 3148 248 3196 tamen
297 3138 462 3198 liber
505 3139 669 3221 ejuS,
727 3142 804 3202 de
862 3141 1351 3225 metamorphosi
1400 3143 1800 3220 insectorum,

39 3233 205 3296 haud
249 3236 423 3318 prius
465 3262 650 3322 quam
698 3262 860 3301 anno
909 3249 1072 3306 1662
1119 3242 1188 3302 in
1231 3243 1439 3303 lucem
1488 3247 1794 3328 prodibat.

1232 3341 1310 3403 1⁴⁴
