1934 3690
577 231 738 271 ΒΑΜ.
783 217 838 280 Ι,
885 227 1069 270 secr.
1119 229 1207 268 111.
1636 195 1761 269 '181

14 368 101 431 ris
135 366 446 430 interdum
479 364 754 448 margine
782 376 1088 425 castaneo,
1176 362 1455 426 Aculeus
1486 359 1588 422 vix
1622 360 1766 421 sub-

18 479 312 530 exsertus,

141 567 367 628 Mares
392 574 515 624 tres
549 559 690 644 cepi
725 560 887 620 circa
921 559 1292 641 Gottingam
1329 572 1392 620 et
1422 557 1486 618 in
1520 556 1767 639 Hercy-

14 669 157 736 nia,
202 663 266 722 in
310 661 577 722 frutetis,
668 662 964 720 Feminae
1002 658 1270 718 maribus
1311 656 1762 739 frequentiores

18 784 150 822 esse
187 761 507 830 videntum
555 759 844 840 quasdam
884 758 1094 839 accepi
1135 780 1167 817 e
1206 757 1466 826 Silesia,
1519 753 1767 837 Volhy-

16 865 156 930 nia,
215 861 452 929 Italia,
508 856 759 929 Gallia,
814 859 1119 927 Austria,
1182 856 1285 916 ubi
1331 853 1498 914 Dahl
1544 875 1642 913 eas
1701 853 1767 910 in

7 956 365 1041 ,quercubus
403 956 600 1036 cepit3
647 956 780 1038 ipse
807 957 1095 1039 quasdam
1121 954 1260 1038 cepi
1289 975 1406 1016 una
1436 975 1576 1014 cum
1600 971 1766 1012 mare

18 1069 83 1118 et
119 1056 182 1116 in
218 1054 592 1117 umbellatiS.

629 1281 1165 1366 Synonyma:

670 1421 1053 1480 Feminae:
1084 1421 1109 1479 ?

16 1533 193 1596 Ichn.
232 1532 604 1616 pedatorius
642 1531 820 1592 Fabr.
867 1533 1007 1592 Ent.
1056 1534 1145 1603 II,
1193 1554 1252 1613 p.
1297 1539 1441 1602 133,
1490 1554 1546 1590 n.
1589 1536 1647 1594 4.
1686 1563 1771 1575 —

362 1631 523 1690 Piez.
566 1651 625 1712 p.
669 1632 778 1701 55,
826 1653 884 1690 n.
932 1637 994 1701 63
1041 1629 1282 1690 habitat
1316 1629 1533 1690 Kiliae.

105 1777 140 1801 ‚,
229 1729 566 1809 Thunberg
600 1727 770 1787 Ichu.
812 1735 913 1791 83.

102 1875 138 1901 ‚,
227 1829 521 1910 Trentep.
552 1826 752 1890 ReviS.
782 1849 841 1911 p.
867 1834 980 1902 20,
1028 1851 1086 1890 n.
1126 1834 1166 1891 7
1200 1827 1376 1889 -in
1400 1826 1561 1888 Iside
1592 1830 1771 1897 1826,

358 1948 419 2009 p.
460 1933 560 1989 67.

430 2107 652 2168 Nota:

143 2233 322 2295 Ichn.
361 2233 733 2316 peclatorius
767 2232 944 2293 Panz.
971 2232 1182 2294 Fauna
1206 2241 1283 2298 71
1315 2232 1436 2295 tab.
1481 2241 1558 2297 12
1592 2232 1772 2294 femi-

27 2354 139 2392 nae
165 2332 478 2414 pel-affinis
508 2345 616 2402 est,
667 2331 769 2390 sed
797 2331 965 2390 tibiis
993 2333 1214 2392 anticis
1242 2333 1514 2393 dilatatis
1538 2332 1767 2393 differt.

19 2431 342 2490 Fabricius
380 2431 442 2489 in
476 2428 894 2512 descriptione
926 2429 1099 2491 lehn.
1139 2432 1447 2514 pedatorii
1487 2432 1562 2492 de
1599 2431 1771 2491 tibiis

17 2530 239 2589 anticis
284 2541 475 2598 tacet3
532 2528 855 2610 specimini
899 2542 1133 2602 autem,
1190 2530 1256 2589 in
1299 2530 1520 2591 Museo
1555 2530 1770 2590 Fabri-

15 2628 194 2688 ciano
232 2617 557 2697 asservato,
607 2626 795 2687 tibiae
829 2627 1065 2688 anticae
1099 2627 1263 2688 haud
1297 2628 1590 2688 dilatatae
1627 2641 1772 2688 sunt

16 2726 113 2806 (v.
144 2728 436 2808 Trentep.
476 2726 517 2785 l.
561 2747 611 2783 c.
656 2725 719 2785 in
745 2725 1205 2807 adnotatione).
1235 2763 1321 2773 —
1342 2726 1590 2787 Dubius
1616 2739 1772 2787 atta-

13 2845 157 2884 men
196 2846 357 2894 sum,
407 2846 482 2883 an
519 2823 694 2885 Ichn.
717 2824 1089 2905 pedatorius
1111 2827 1179 2886 F.
1214 2826 1287 2885 ad
1315 2825 1472 2886 hanc
1501 2838 1771 2885 nostram

0 2870 288 3004 'speciem
339 2922 718 2982 adhibendus
755 2922 858 2997 sit,
926 2925 1031 3006 qui
1081 2924 1477 3006 longitudine
1523 2937 1617 2984 est
1653 2922 1757 3006 67,

12 3020 317 3081 linearum
355 3020 559 3099 (conf.
601 3023 942 3104 Trentep.)
991 3045 1105 3083 nec
1139 3044 1286 3084 vero
1335 3024 1590 3083 alteram
1632 3045 1772 3105 spe-

16 3119 175 3178 ciem
221 3119 376 3189 scio,
434 3119 533 3178 cui
573 3119 749 3179 illum
787 3121 1057 3180 Fabricii
1095 3121 1485 3203 pedatorium
1525 3121 1770 3182 meliori

14 3216 155 3298 jure
200 3216 458 3297 jungere
492 3238 753 3300 possem.
802 3254 887 3265 --
929 3219 1315 3301 Trentepohl
1347 3219 1409 3278 ·l.
1458 3240 1508 3278 e.
1553 3219 1768 3290 adfert,

15 3335 244 3375 marem
288 3313 475 3398 hujus
527 3315 756 3396 speciei
805 3316 871 3377 in
915 3316 1202 3378 omnibus
1253 3329 1320 3378 ut
1352 3316 1581 3379 femina
1617 3339 1768 3390 esse,
