1934 3690
591 172 755 216 ΒΑΜ.
804 161 859 227 Ι,
905 174 1092 216 sEoT.
1144 177 1222 217 ιν.
1664 164 1801 225 243·

165 311 267 371 De
303 307 661 392 synonymis
696 310 993 391 quaedam
1033 310 1235 372 adhuc
1264 312 1570 374 monenda
1614 328 1790 376 sunt:

38 411 340 470 Auctores
371 409 444 469 ad
477 408 654 471 Ichn.
680 415 1145 470 saturatorium
1170 431 1309 470 cum
1336 411 1511 494 signo
1554 413 1579 472 Ρ
1619 415 1794 474 citati>

41 510 470 590 allegaverunt
495 506 766 590 Degeeri
793 509 969 567 Tom.
1000 511 1055 580 I,
1104 509 1225 569 tab.
1252 518 1335 574 23
1360 511 1459 594 fig.
1493 519 1586 584 16,
1634 535 1793 596 quae

38 620 246 667 autem
285 629 316 666 a
348 619 560 666 nostro
594 605 1014 667 Ichneumone
1038 608 1277 680 differt,
1324 609 1720 691 longitudine
1754 620 1793 676 9

35 706 371 777 linearum,
441 704 602 766 facie
670 702 1051 789 thoraceque
1117 709 1603 771 ssavomaculatis
1671 724 1795 772 etc.-

38 805 243 865 Etiam
282 803 543 865 Schaeff.
584 806 752 865 Icon.
795 804 917 864 tab.
946 813 1021 869 61
1053 807 1151 888 fig.
1184 811 1246 879 4,
1296 829 1478 890 quam
1508 810 1796 871 nonnulli

41 916 324 964 auctores
355 903 429 962 ad
454 902 612 963 hanc
652 905 924 986 speciem
961 904 1375 967 adhibuerunt
1409 909 1795 970 excludenda

39 1014 149 1062 est.
255 1002 595 1080 Quaeritur
640 1016 876 1077 autem,
941 1025 1146 1066 nonne
1194 1005 1372 1067 Ichn.
1434 1015 1798 1071 atratorius

37 1101 217 1160 Fabr.
258 1100 399 1161 Ent.
441 1104 532 1175 ΙΙ,
579 1126 639 1185 p.
685 1108 833 1175 134,
881 1127 939 1165 n.
983 1112 1037 1167 8.
1065 1140 1149 1150 —-
1176 1105 1338 1165 Piez.
1367 1126 1427 1188 p.
1453 1108 1553 1179 56,
1602 1131 1660 1167 n.
1697 1115 1793 1181 10,

40 1213 103 1262 et
131 1199 532 1262 Cederhielm
574 1223 634 1283 p.
684 1205 820 1274 156,
872 1227 927 1264 n.
968 1207 1110 1276 478,
1145 1217 1208 1265 et
1231 1205 1478 1267 Thunb.
1507 1205 1680 1268 Ichn.
1713 1214 1795 1269 80

38 1298 227 1378 (cum
271 1322 395 1382 quo
442 1313 714 1360 attamen
768 1301 943 1363 Ichn.
993 1310 1352 1366 atratorius
1398 1305 1679 1366 Villersii
1731 1317 1796 1367 et

40 1398 306 1459 Olivieri
350 1398 515 1459 haud
555 1399 851 1459 confundi
893 1401 1121 1483 debet)
1170 1404 1246 1462 ad
1293 1403 1585 1464 feminam
1620 1418 1797 1466 satu-

37 1504 273 1559 ratorii
296 1498 513 1559 referri
543 1511 781 1581 posset,
830 1521 971 1558 cum
1007 1513 1250 1560 tantum
1279 1501 1464 1562 etiam
1493 1503 1796 1585 segmenti

37 1596 242 1678 quinti
278 1598 552 1679 margine
592 1598 734 1657 albo
770 1597 1022 1659 differre
1051 1600 1350 1660 videatur.
1443 1604 1795 1663 Secundum

35 1696 559 1778 Trentepohlium
606 1696 718 1776 (in
745 1698 908 1758 Iside
941 1706 1102 1762 1826
1128 1721 1185 1781 p.
1214 1706 1312 1771 76,
1362 1724 1419 1760 11.
1453 1704 1571 1782 19)
1612 1703 1789 1764 Ichn.

35 1801 395 1857 atratorius
431 1796 500 1856 F.
533 1795 925 1878 longitudine
954 1810 1047 1858 est
1070 1805 1109 1862 7
1135 1800 1460 1873 linearum,
1511 1823 1794 1883 segmen-

36 1894 117 1955 tis
158 1907 424 1978 quatuor
461 1893 697 1955 ultimis
735 1894 911 1976 apice
943 1896 1107 1958 linea
1143 1912 1490 1960 transversa
1527 1901 1752 1962 albida.

161 1997 261 2054 De
306 1994 484 2055 Ichn.
548 1999 907 2074 nigratorio
954 1998 1326 2080 Pontoppid.
1375 1998 1536 2058 haud
1584 2001 1792 2061 omnia

34 2093 220 2152 dubia
257 2093 459 2152 soluta
498 2105 666 2163 sunt,
715 2115 853 2152 cum
890 2108 1106 2155 auctor
1137 2098 1367 2178 pedum
1405 2099 1793 2179 posticorum

31 2192 266 2252 femora
302 2191 613 2272 tibiasque
653 2191 889 2252 clavata
938 2195 1366 2277 appellaverit.
1463 2198 1794 2258 Caeterum

33 2304 241 2351 autem
276 2314 415 2350 cum
455 2290 569 2349 illo
617 2289 780 2350 haud
817 2293 1157 2354 confundas
1196 2295 1674 2358 Ichneumonem
1699 2304 1794 2360 ni-

25 2396 389 2471 gratorium
415 2390 594 2447 Panz.
625 2388 700 2446 ad
725 2388 986 2451 Schaeff.
1017 2393 1067 2451 F
1071 2394 1196 2454 abr.
1228 2395 1411 2456 Mull.
1439 2396 1547 2478 qui
1574 2418 1789 2460 omnes

31 2489 198 2550 inter
235 2511 298 2548 se
346 2488 721 2568 discrepant.

158 2586 334 2649 Ichn.
372 2591 808 2648 saturatorius
845 2589 1188 2653 Borowskii
1228 2615 1288 2677 p.
1333 2602 1443 2667 32,
1491 2620 1548 2657 n.
1595 2604 1654 2671 1,
1714 2600 1790 2660 ad

32 2687 292 2746 Iconum
326 2685 662 2746 Schaeffcri
704 2686 825 2746 tab.
867 2695 941 2751 61
981 2691 1080 2773 fig.
1121 2695 1189 2764 4,
1238 2693 1415 2776 cujus
1453 2694 1578 2777 jam
1606 2720 1792 2781 supra

31 2785 417 2845 mentionem
454 2784 610 2855 feci,
658 2785 1033 2871 descriptus,
1081 2790 1203 2852 huc
1231 2814 1354 2853 non
1381 2796 1670 2877 pertinet,
1710 2800 1791 2859 ob

35 2896 349 2964 segmenta
387 2892 428 2947 2
462 2896 526 2943 et
566 2891 603 2946 3
638 2883 775 2943 rufa
811 2898 928 2948 etc.
1020 2891 1149 2951 Nec
1192 2892 1368 2954 Iclzn.
1419 2903 1794 2960 constricto-

36 2988 172 3042 rius
196 2981 374 3041 Linn.
404 2984 616 3070 Faun„
656 3007 713 3042 n.
745 2986 923 3058 1585,
954 3011 1139 3071 quem
1167 2991 1455 3065 Schrank,
1493 2995 1555 3055 in
1581 2997 1794 3058 Fauna

36 3080 251 3150 Boica,
300 3079 372 3138 ad
398 3081 880 3145 Ichneumonem
907 3090 1345 3151 saturatorium
1369 3093 1669 3168 adhibuit,
1718 3098 1794 3156 ad

37 3178 196 3238 hanc
246 3179 517 3261 speciem
566 3183 854 3265 quadrat,
925 3187 1006 3246 ob
1040 3190 1347 3252 abdomen
1380 3192 1624 3275 nigrum
1660 3217 1795 3278 seg-

36 3290 252 3338 mento
285 3280 557 3343 secundo
594 3281 973 3365 ferrugineo,

1220 3388 1341 3451 16*
