1934 3690
733 123 810 163 vt.
863 123 1059 166 ALAE.
1690 116 1767 172 81

24 259 364 324 secundum
392 271 809 321 recurrentem
840 261 1128 343 excipere
1153 261 1331 322 solet.
1423 264 1638 324 Rarius
1663 263 1769 325 hie

26 381 251 420 nervus
283 372 495 420 exacte
520 380 659 419 cum
688 379 876 418 nervo
912 360 1218 421 exteriore
1255 361 1497 422 areolae
1532 364 1770 424 coinci-

26 458 119 517 dit
143 458 242 518 vel
265 458 416 540 ipse,
464 458 789 540 paululum
817 458 890 516 ab
915 460 1120 519 areola
1148 474 1438 533 remotus,
1485 483 1518 521 a
1541 463 1770 523 cellula

27 556 333 617 exteriore
354 556 692 639 excipitur3
738 556 1107 639 plerumque
1133 571 1300 620 recte
1325 560 1643 622 descendit
1665 574 1773 622 aut

26 677 245 738 parum
296 668 578 715 arcuatus
623 667 743 725 est,
791 654 1101 716 interdum
1148 671 1352 719 autem
1387 661 1577 741 paulo
1611 661 1772 722 infra

25 754 297 814 medium
322 754 614 835 angulum
643 751 912 813 exhibet.
1000 759 1222 818 Areola
1245 758 1593 833 deficiente,
1631 783 1771 822 ner-

26 874 137 912 vus
195 851 331 933 ejus
387 852 660 913 lateralis
716 852 988 913 exterior
1041 855 1346 918 extinctus
1403 880 1536 920 esse
1580 861 1773 934 solet;

26 963 175 1011 tunc
211 973 386 1024 verO,
434 952 640 1012 areola
682 974 823 1011 cum
870 952 1098 1012 cellula
1136 967 1383 1016 externa
1418 958 1769 1041 conjuncta,

27 1048 180 1110 haec
208 1072 462 1111 nervum
499 1051 836 1110 secundum
873 1066 1294 1114 recurrentem
1318 1056 1569 1139 excipit.
1658 1062 1774 1119 Ra-

28 1148 156 1208 rius
186 1144 675 1209 areolae'nervus
713 1150 989 1210 lateralis
1031 1150 1289 1214 interior
1325 1156 1662 1231 extinctuS,
1710 1172 1776 1220 et

30 1249 233 1308 areola
262 1249 391 1331 ipsa
415 1269 550 1308 cum
581 1249 807 1308 cellula
835 1248 1075 1309 interna
1101 1253 1432 1333 conjuncta
1457 1268 1567 1328 est,
1614 1279 1772 1339 quae

31 1368 194 1405 nunc
221 1347 405 1407 etiam
430 1369 680 1407 nervum
710 1370 849 1407 secu
862 1348 1043 1407 ndum
1074 1364 1490 1413 recurrentem
1518 1356 1769 1440 excipit.

29 1445 387 1516 Rarissime,
436 1447 638 1506 areola
662 1446 1018 1518 deficiente,
1068 1471 1288 1509 nervus
1316 1451 1426 1511 ille
1450 1476 1771 1517 recurrens

30 1543 332 1603 coincidit
356 1567 496 1604 cum
524 1566 729 1615 nervo,
751 1547 1010 1605 cellulas
1039 1548 1188 1606 duas
1211 1550 1511 1612 cubitales
1528 1577 1773 1636 magnas

31 1641 414 1724 sejungente.
463 1680 549 1689 -—
591 1645 759 1705 Alae
779 1651 1062 1726 posticae
1088 1647 1213 1728 (fig.
1244 1651 1339 1728 B),
1389 1653 1606 1713 anticis
1634 1655 1774 1715 bre-

30 1741 235 1802 viores
261 1755 325 1802 et
347 1742 748 1824 angustioreS‚
790 1744 1253 1826 subaequilatae
1278 1762 1435 1810 sunt.
1514 1756 1775 1814 Anasto-

29 1841 304 1901 mosibus
330 1863 656 1901 nervorum
681 1841 1026 1904 formantur
1049 1846 1316 1908 cellulae
1345 1864 1599 1932 septem,
1625 1875 1776 1934 qua-

31 1963 168 2001 rum
211 1953 335 2001 tres
384 1942 662 2022 (1—3)‚
725 1964 758 2001 e
801 1943 1005 2003 radice
1049 1945 1182 2005 alae
1224 1961 1424 2020 ortae,
1474 1957 1773 2025 internae,

35 2051 302 2120 quatuor
355 2040 604 2119 (4—7)
663 2053 892 2113 autem,
948 2041 1023 2100 ad
1079 2044 1413 2125 marginem
1467 2051 1778 2130 posticum

35 2138 217 2209 sitae,
279 2151 582 2199 eoeternae
629 2153 788 2199 sunt.
881 2143 1267 2201 Internarum
1313 2148 1596 2226 superior
1640 2153 1778 2232 ple-

33 2258 294 2318 rumque
323 2259 517 2318 usque
545 2238 619 2296 ad
654 2239 922 2299 medium
959 2241 1250 2322 marginis
1284 2244 1472 2303 antici
1498 2249 1779 2308 extendi-

32 2349 162 2408 tur,
211 2337 470 2398 inferior
512 2338 847 2419 marginem
887 2338 1199 2400 internum
1244 2357 1540 2427 occupat,
1589 2347 1781 2408 inter-

32 2436 232 2496 media
259 2437 421 2497 inter
443 2436 823 2518 superiorem
855 2450 917 2497 et
939 2438 1296 2500 inferiorem
1325 2442 1436 2502 sita
1463 2459 1574 2506 est.
1658 2448 1783 2507 Ex-

32 2547 346 2596 ternarum
383 2556 602 2617 supera
627 2536 885 2597 confinis
914 2550 1007 2597 est
1030 2537 1311 2600 inferiori
1337 2544 1670 2626 superiori,
1717 2561 1782 2607 et

36 2635 328 2715 angulum
372 2634 741 2694 anteriorem
775 2637 906 2697 alae
945 2652 1237 2721 occupat,
1286 2643 1551 2703 secunda
1593 2647 1778 2707 tertia

36 2746 99 2794 et
124 2732 316 2793 infera
355 2734 430 2792 ad
468 2733 799 2815 marginem
834 2737 1143 2835 posticum
1179 2739 1333 2800 sitae
1360 2755 1527 2815 sunt,
1576 2748 1782 2806 nervis

35 2831 420 2892 intermediis
467 2852 907 2915 nonnunquam
948 2858 1096 2897 vero
1140 2838 1293 2899 adeo
1336 2841 1663 2917 obsoletiS,
1712 2860 1781 2906 ut

37 2927 185 2988 illae
215 2941 339 2989 tres
377 2929 645 2991 cellulae
678 2930 742 2991 in
778 2957 959 2994 unam
996 2957 1274 3018 magnam
1314 2940 1605 3002 cellulam
1632 2966 1782 3004 con-

37 3027 249 3085 fluant.

165 3126 331 3184 Haec
355 3124 431 3185 de
456 3125 569 3185 alis
604 3128 895 3210 perfectis
930 3130 1151 3194 horum
1176 3135 1552 3198 insectorum
1574 3140 1784 3222 profe-

37 3223 226 3281 renda
262 3235 454 3283 erant.
543 3226 615 3284 In
651 3227 808 3289 serie
843 3231 1188 3313 specierum
1214 3235 1570 3318 subgeneris
1592 3241 1783 3301 Pezo-

153 3332 291 3375 Ichn.
321 3333 498 3389 Europ.
536 3334 649 3377 Pars
687 3337 726 3379 1.
1229 3342 1267 3396 6
