1934 3690
634 168 794 208 FAM.
845 156 898 220 Ι,
947 168 1133 209 sacr.
1185 171 1239 209 v.
1688 152 1813 212 293

67 303 202 363 Mas
229 301 546 364 Ichneum.
573 309 874 366 ammonii
906 303 1163 388 propius
1198 303 1436 365 accedit
1470 301 1546 363 ad
1579 324 1809 363 marem

67 408 379 485 raptorii3
423 402 649 462 femina
699 403 910 462 colore
945 417 1346 464 antennarum
1393 424 1532 463 cum
1576 401 1804 462 femina

65 506 343 582 raptorii
365 501 679 583 congruit,
728 500 1004 561 crassitie
1036 523 1241 562 earum
1270 515 1475 562 autem
1497 501 1809 582 discrepat

67 611 130 659 et
171 599 345 660 Ichn.
396 606 759 663 extensorio
806 600 1277 682 adpropinquat.
1369 600 1543 662 Ichn.
1593 605 1807 660 termi-

63 703 356 759 natorius
388 697 601 758 differt
642 718 676 755 a
718 705 1172 759 stramentario
1212 721 1332 759 non
1371 698 1488 759 nisi
1534 696 1805 757 incisura

62 796 234 879 nigra
301 808 407 855 aut
473 795 644 855 fusca
709 796 874 856 inter
940 811 1251 880 segmenta
1307 807 1346 861 2
1402 810 1466 858 et
1523 804 1589 869 3,
1658 809 1805 856 nota

60 895 415 955 distinctiva
461 894 564 955 vix
601 893 979 967 sufficiente3
1027 919 1058 956 a
1095 898 1401 958 corinthio
1438 908 1643 957 autem
1680 916 1805 955 non

59 994 178 1054 nisi
215 992 496 1053 antennis
533 994 724 1074 paulo
763 994 1189 1066 crassioribu5‚
1239 1017 1376 1055 cum
1415 995 1478 1056 in
1502 994 1639 1054 aliis
1665 1016 1804 1076 spe-

59 1093 306 1164 ciebuS,
353 1114 409 1153 v.
450 1113 502 1151 e.
542 1091 606 1150 in
641 1099 1003 1154 extensorio
1039 1107 1101 1154 et
1133 1101 1456 1176 raptoriO,
1500 1107 1802 1154 antennae

57 1192 296 1252 ratione
352 1190 774 1252 crassitudinis
832 1192 1157 1252 variabiles
1215 1193 1354 1254 sint.
1458 1195 1531 1253 In
1584 1213 1799 1254 museo

56 1289 684 1372 Hoffmannseggiano
721 1290 897 1353 chn.
939 1297 1413 1352 terminatorius
1449 1314 1587 1352 cum
1620 1291 1801 1352 femi-

59 1391 155 1450 nis
183 1395 531 1450 eaetensorii
555 1389 925 1470 conjunctus
951 1403 1098 1450 erat.
1170 1391 1547 1450 Ichneumon
1576 1390 1804 1452 caeda-

57 1504 161 1551 τοτ’
182 1488 389 1548 forsan
415 1488 502 1547 nil
526 1488 694 1547 aliud
722 1501 815 1547 est
839 1487 958 1546 nisi
986 1487 1246 1547 varietas
1277 1495 1569 1569 raptorii.
1624 1489 1798 1549 Iclzn.

56 1593 383 1671 raptorius
424 1599 486 1646 ct
516 1589 962 1666 gracilicornis
1009 1605 1134 1643 non
1176 1585 1291 1644 nisi
1332 1587 1542 1645 colore
1574 1586 1801 1667 pedum

54 1687 439 1769 posticorum
503 1684 755 1744 differre
809 1683 1124 1755 videntur,
1204 1684 1310 1743 sed
1368 1683 1485 1744 hoc
1553 1706 1801 1766 quoque

54 1785 350 1868 quaedam
380 1789 656 1866 raptorii
678 1782 1004 1844 varietates
1044 1804 1182 1841 cum
1211 1787 1625 1861 gracilicorni
1650 1804 1798 1843 con-

53 1896 310 1966 gruunt3
360 1883 537 1942 ambo
563 1895 797 1954 autem,
845 1881 924 1940 ob
954 1894 1245 1942 antennas
1273 1881 1657 1962 gracilioreS‚
1706 1882 1799 1941 in-

50 1983 319 2044 dividuis
360 1981 726 2063 quibusdam
751 1987 1098 2042 extensorii
1122 1981 1393 2041 confines
1433 1993 1599 2052 sunt,
1645 1982 1798 2042 licet

46 2081 331 2144 varietati
367 2080 671 2140 secundae
697 2085 973 2160 raptorii
998 2092 1299 2139 antennae
1335 2081 1663 2140 crassiores
1691 2080 1796 2139 ad-

43 2181 169 2242 huc
201 2182 339 2252 sint,
367 2201 551 2261 quam
577 2178 643 2239 in
662 2178 1082 2240 Ichneumone
1105 2180 1469 2261 consu-sorio
1484 2202 1507 2248 ,·
1549 2178 1794 2239 eadem-

49 2303 172 2365 que
240 2281 501 2340 varietas
569 2279 780 2338 colore
843 2278 1073 2360 pedum
1139 2298 1390 2360 quoque
1445 2299 1479 2337 a
1531 2277 1791 2359 reliquis

47 2378 677 2462 raptoriiindividuis
717 2399 780 2437 se
818 2375 1162 2458 distinguit.
1253 2378 1326 2435 In
1363 2396 1578 2437 museo
1616 2377 1793 2436 Hoff-

43 2478 517 2560 mannseggiano
565 2478 748 2537 etiam
788 2473 890 2534 hic
925 2476 1099 2536 Ichn.
1139 2480 1466 2564 raptorius
1497 2497 1638 2535 cum
1677 2498 1791 2537 εω-

43 2584 320 2639 tensorio
356 2576 724 2657 conjunctus
761 2587 908 2634 erat.
997 2574 1175 2636 Ichn.
1205 2573 1639 2637 melanobatus
1665 2597 1789 2636 non

42 2676 164 2736 nisi
210 2675 629 2758 magnitudine
669 2685 732 2736 et
762 2673 990 2757 pedum
1036 2674 1248 2735 colore
1296 2674 1372 2734 ab
1419 2681 1783 2737 extensorio

42 2775 273 2837 differt.

162 2873 254 2932 Ad
290 2871 439 2933 haec
476 2870 753 2932 conseras
793 2891 949 2953 quae
985 2869 1050 2930 in
1082 2870 1244 2931 notis
1280 2872 1357 2931 ad
1390 2872 1569 2935 Ichn.
1608 2877 1786 2936 moli-

38 2978 306 3044 torium,
360 2976 786 3033 eoetensorium
836 2979 899 3029 et
944 2976 1299 3052 raptorium
1344 2971 1594 3054 jamjam
1640 2995 1784 3055 pro-

39 3071 177 3130 tuli.
206 3107 290 3115 —-
322 3070 640 3152 Suspicor,
688 3090 898 3129 omnes
925 3066 1032 3128 has
1059 3071 1294 3154 species
1323 3071 1435 3131 sub
1456 3073 1632 3134 Ichn.
1662 3095 1778 3135 ex-

34 3175 311 3234 tensorio
342 3183 406 3234 et
430 3175 719 3253 raptorio
754 3181 1078 3231 auctorum
1113 3170 1526 3254 plurimorum
1561 3170 1781 3232 latere.¹
