1934 3690
641 174 805 215 ΒΑΜ.
852 161 908 226 1,
956 173 1143 214 sacr.
1194 173 1271 212 vl.
1712 151 1834 212 375

433 309 620 392 hujus
659 309 891 392 speciei
924 309 1314 379 varietatem,
1373 304 1634 366 maculis
1682 304 1840 364 late-

431 409 664 470 ralibus
702 408 1002 490 segmenti
1034 416 1075 473 2
1111 420 1174 468 et
1206 416 1244 471 3
1279 405 1485 466 medio
1523 403 1839 467 subconti-

432 508 595 590 guiS,
659 506 898 586 habet).

82 604 258 667 Ichn.
296 610 790 690 interruptorius
817 607 1112 689 Trentep.
1142 606 1206 666 in
1231 606 1394 667 Iside
1427 610 1606 676 1826,
1641 625 1702 687 p.
1736 609 1834 674 80,

432 730 490 766 n.
529 708 631 769 25.

82 803 259 865 Ichn.
300 809 669 867 mercatorii
702 802 881 863 Fabr.
922 803 1084 864 Piez.
1129 826 1188 886 p.
1221 812 1317 874 62,
1366 828 1421 864 n.
1466 811 1546 868 38
1574 800 1834 863 varietas

432 926 465 965 e
512 924 726 963 museo
762 903 1063 962 Bosciano
1117 904 1388 987 (species
1431 901 1695 985 genuina
1746 911 1840 962 est

426 1014 640 1064 noster
693 1000 866 1062 Ichn.
916 1026 975 1063 n.
1032 1004 1205 1085 141).

501 1186 724 1246 Nota:

207 1300 385 1361 Iclzn.
441 1305 935 1382 interruptorius
986 1301 1165 1362 Fabr.
1227 1323 1409 1382 quem
1457 1303 1715 1372 Panzer,
1773 1299 1839 1358 in

79 1400 281 1460 ReviS.
324 1421 384 1482 p.
429 1405 537 1469 62,
597 1399 671 1457 ad
715 1398 873 1457 hanc
909 1400 1180 1480 speciem
1219 1400 1496 1470 adhibet,
1556 1398 1677 1458 huc
1716 1418 1840 1457 non

80 1499 372 1581 pertinet,
410 1511 669 1579 propter
692 1497 943 1557 fasciam
969 1498 1153 1556 latam
1180 1499 1378 1558 albam
1405 1512 1840 1565 antennarun13

83 1599 189 1658 sed
231 1598 408 1659 Ichn.
460 1602 981 1678 interruptorg'us,
1031 1619 1214 1679 quem
1250 1597 1636 1678 'srentepohl
1675 1598 1746 1674 (l.
1784 1618 1834 1656 c.

81 1697 188 1757 ubi
225 1718 401 1766 verO,
453 1695 585 1756 sine
610 1695 818 1767 dubio,
867 1717 982 1778 pro
1001 1699 1345 1759 Australia
1381 1697 1709 1778 legendum
1748 1709 1842 1756 est

79 1798 388 1876 Austria)
438 1817 471 1854 e
504 1814 719 1854 museo
754 1796 1126 1856 Fabriciano
1170 1796 1531 1878 descripsit,
1592 1796 1840 1877 penitus

83 1918 226 1955 cum
264 1895 491 1955 femina
519 1907 765 1954 nostrae
792 1894 1024 1977 speciei
1050 1895 1358 1954 convenit.
1453 1895 1841 1978 Trentepohl

80 2017 311 2054 marem
340 1993 525 2074 hujus
558 1993 790 2075 speciei
819 1994 983 2052 haud
1010 1993 1182 2064 vidit,
1211 1993 1409 2055 credit
1435 2007 1658 2068 autem,
1699 1995 1841 2055 Ich-

82 2113 473 2163 neumonem,
501 2091 566 2150 in
590 2112 804 2152 museo
820 2094 870 2151 F
875 2092 1190 2152 abriciano
1215 2113 1328 2175 pro
1351 2093 1647 2155 varietate
1664 2096 1838 2157 Ichn.

81 2192 423 2254 bidentorii
446 2191 823 2251 declaratum
850 2192 938 2271 (v.
964 2191 1191 2252 Isidem
1219 2199 1381 2256 1826
1405 2214 1465 2276 p.
1495 2201 1569 2256 81
1600 2216 1722 2254 var.
1752 2197 1838 2274 a),

80 2314 313 2352 marem
351 2291 782 2372 interruptorii
823 2312 984 2362 esse,
1031 2314 1064 2350 a
1101 2313 1225 2373 quo
1262 2305 1469 2353 tamen
1508 2294 1840 2375 segmentis

84 2396 270 2454 4—7
317 2389 467 2449 totis
517 2391 705 2472 nigris
760 2391 991 2453 differt.
1099 2393 1276 2470 Quae
1325 2405 1533 2453 autem
1577 2394 1842 2453 'st-ente-

82 2489 238 2573 pohl
276 2490 317 2548 l.
361 2512 411 2548 e.
453 2491 528 2550 de
564 2491 932 2551 confusione
968 2491 1132 2552 inter
1168 2492 1344 2555 Ichn.
1371 2500 1839 2565 mercatoriam,

82 2597 604 2672 interruptorium
644 2603 707 2650 et
734 2596 1138 2652 monitorium
1173 2592 1402 2665 adfert,
1448 2592 1635 2654 facile
1663 2616 1843 2654 exae-

83 2689 259 2770 quari
286 2702 563 2771 possunt,
612 2689 661 2748 si
690 2703 905 2752 auctor
929 2712 1169 2752 mecum
1196 2692 1576 2764 convenerit,
1625 2694 1843 2753 Fabri-

82 2788 267 2857 cium,
317 2788 380 2846 in
415 2789 755 2869 Systemate
781 2790 1188 2863 Piezatorum‚
1238 2791 1350 2852 sub
1385 2791 1562 2853 Ichn.
1603 2815 1841 2855 merca-

83 2892 250 2947 torio
277 2887 425 2945 duas
454 2888 690 2970 species
720 2891 810 2971 (n.
848 2895 963 2954 141
989 2903 1052 2951 et
1080 2894 1232 2972 143)
1269 2891 1645 2963 confudisse,
1688 2916 1839 2974 qua-

81 3008 217 3044 rum
256 2986 476 3058 altera,
535 3010 568 3048 e
606 3011 819 3052 museo
853 2989 1178 3064 BoscianO,
1239 2991 1315 3052 ad
1358 2992 1534 3057 Ichn.
1573 2997 1837 3053 monito-

85 3089 249 3145 rium
287 3099 542 3167 spectat.
