1934 3690
477 92 557 134 ιχ.
607 89 875 133 PARTES
923 92 1302 136 snquLES.
1682 90 1762 148 89

22 224 392 309 Rhyssarum
415 246 548 286 esse
571 225 835 297 videtur,
871 226 976 287 sed
1005 228 1255 310 vaginae
1281 231 1438 292 duae
1462 235 1766 300 conchae-

22 325 280 396 formeS,
341 345 498 406 quae
543 347 681 385 eum
721 325 1075 397 includunt,
1134 340 1448 409 praeterea
1485 334 1608 395 duo
1644 338 1765 398 alia

25 423 392 505 corpuscula
419 421 930 494 conchaesormia,
955 424 1081 484 illis
1110 427 1351 500 similia,
1380 431 1485 490 sed
1509 434 1764 510 minora,

23 534 88 582 et
109 522 410 606 forcipem
437 522 775 582 continent.
825 521 932 580 llis
967 525 1240 604 partibus
1263 531 1547 591 masculis
1573 534 1770 616 Rhys-

27 644 230 683 sarum
265 620 638 705 respondere
678 620 965 680 videntur
999 637 1202 703 partes
1240 627 1546 710 Ophionis
1591 633 1766 707 lutei,

24 742 59 782 a
103 723 391 803 Degeero
433 720 497 781 in
538 732 802 780 tractatu
849 721 965 779 XV
1015 725 1203 802 partis
1263 730 1565 791 secundae
1612 735 1767 794 tomi

25 819 278 879 secundi
309 818 655 899 descriptae
680 831 741 878 et
765 819 1125 892 delineatae,
1174 825 1278 885 sed
1305 826 1546 910 forceps
1572 832 1765 895 deest.

22 952 109 966 --
130 921 407 981 Aculeus
430 917 852 999 depositorias
876 918 1238 982 seminarum
1274 926 1619 1008 tripartitus
1646 946 1769 994 est:

26 1019 169 1078 Pars
189 1019 388 1079 media
413 1016 665 1078 exhibet
688 1029 876 1076 setam
903 1021 1191 1099 gracilem
1218 1023 1473 1105 rigidam
1499 1030 1771 1093 flexilem

26 1137 312 1177 corneam
348 1116 756 1178 laevissimam
786 1117 1211 1180 nitidissimam
1239 1137 1463 1185 rectam
1489 1140 1768 1205 teretem,

27 1217 221 1276 rarius
272 1228 580 1276 arcuatam
628 1236 1067 1297 compressam,
1146 1222 1357 1283 colore
1403 1225 1771 1312 plerumque

28 1316 168 1376 ruso
215 1329 321 1375 aut
355 1328 670 1385 castanon,
728 1315 919 1375 rarius
968 1317 1143 1377 sulvo
1179 1334 1286 1379 aut
1323 1322 1515 1386 fusco,
1605 1329 1772 1390 Haec

29 1428 160 1475 seta
205 1413 451 1475 terebra
497 1426 614 1483 est,
682 1425 745 1473 et
792 1415 990 1474 canali
1037 1420 1295 1479 centrali
1334 1421 1771 1503 longitudinali

29 1513 328 1572 instructa
364 1533 499 1572 esse
531 1511 786 1582 dicitur,
843 1534 956 1594 per
995 1536 1178 1595 quem
1218 1539 1330 1577 ova
1369 1539 1768 1601 ponerentur.

27 1613 101 1672 In
136 1610 392 1692 Pimplis
428 1609 710 1691 pluribus
758 1612 854 1688 (v.
899 1633 950 1672 e.
1001 1612 1061 1672 in
1099 1615 1160 1673 P.
1205 1617 1551 1702 varicorni)
1611 1638 1776 1687 tere-

25 1710 199 1770 bram
222 1709 348 1771 vidi
380 1708 622 1780 subtuS,
671 1730 781 1790 per
804 1722 994 1770 totam
1018 1712 1496 1794 longitudinem,
1544 1725 1776 1784 canali-

28 1809 315 1868 culatam.
409 1809 614 1867 Partes
653 1809 938 1868 laterales
967 1811 1257 1894 utrinque
1283 1829 1472 1875 setam
1509 1834 1612 1880 aut
1649 1837 1778 1905 sty-

27 1908 158 1967 lum
202 1907 495 1968 exhibent
534 1908 1127 1987 semicylindricum,
1176 1925 1282 1970 aut
1302 1935 1510 1975 versus
1536 1921 1777 2001 apicem

27 2007 218 2088 paulo
243 2007 671 2075 incrassatum,
720 2006 910 2064 rarius
938 2008 1386 2085 subclavatum‚
1435 2030 1603 2077 extra
1630 2040 1778 2080 con-

28 2127 279 2175 vexum,
347 2105 488 2185 plus
545 2103 747 2162 minus
805 2104 1275 2185 pubescentem,
1338 2133 1777 2199 nonnunquam

29 2215 345 2286 punctum,
373 2203 529 2262 intra
557 2223 892 2262 concavum
921 2204 1176 2267 laevem.
1228 2208 1382 2268 Cum
1413 2210 1526 2273 hae
1551 2231 1774 2297 partes,

32 2302 155 2362 situ
190 2301 403 2383 quieto
442 2314 504 2362 et
542 2301 823 2372 naturali,
872 2304 1174 2365 terebram
1211 2305 1558 2384 includant,
1607 2323 1779 2397 vagi-

30 2423 149 2461 nae
183 2400 529 2460 nominatae
554 2413 712 2459 sunt.
804 2403 1120 2464 Praeterea
1147 2404 1210 2464 in
1244 2409 1562 2471 nonnullis
1596 2414 1778 2475 semi-

31 2500 150 2571 nia,
219 2521 269 2559 e.
320 2521 372 2580 g.
425 2499 862 2580 Campoplegis
910 2501 1189 2575 alienati,
1256 2504 1429 2585 juxta
1489 2511 1776 2572 aculeum

31 2599 396 2680 corpuscula
423 2597 544 2656 duo
578 2598 812 2656 clavata
847 2600 1332 2682 conspiciuntur.
1425 2607 1776 2690 Longitudo

31 2696 231 2756 aculei
269 2695 543 2777 perraria
581 2707 701 2754 est:
751 2697 1132 2774 Quibusdam
1160 2701 1404 2763 feminis
1441 2704 1559 2765 hoc
1585 2731 1777 2769 mem-

30 2796 208 2854 brum
242 2794 492 2854 omnino
527 2792 948 2856 absconditum
985 2812 1104 2870 est,
1152 2801 1515 2882 quibusdam
1555 2808 1777 2870 subex-

33 2906 289 2964 sertum,
337 2893 472 2953 aliis
509 2893 781 2974 longiuS,
830 2897 926 2956 vel
956 2900 1232 2980 corporis
1258 2902 1648 2984 longitudine
1675 2908 1775 2968 vel

31 3014 290 3074 corpore
325 2991 595 3072 longiuS,
642 2993 834 3053 rarius
861 2993 979 3054 hoc
1004 2997 1236 3078 pluries
1262 3000 1526 3082 longiuS.
1615 3006 1777 3065 Acu-

32 3089 166 3149 leus
204 3090 593 3150 subcxsertus
630 3092 856 3174 stylum
894 3093 1145 3155 exhibet
1177 3096 1426 3158 brevem
1464 3121 1775 3183 compres-

34 3187 370 3251 siusculum
424 3189 749 3262 linearem,
806 3192 1001 3255 rarius
1055 3193 1479 3260 subclavatum
1547 3202 1657 3281 (ut
1709 3202 1775 3264 in
