2017 3789
55 136 60 144 ’“
132 146 245 187 vm

133 302 482 366 agnoscam.
583 280 892 343 Avocatus
925 290 1132 341 autem
1167 301 1331 343 anno
1374 287 1538 347 1810
1587 281 1653 346 in
1688 280 1903 346 cathe-

132 395 307 456 dram
343 394 641 457 historiae
668 394 967 455 naturalis
1001 394 1423 458 universitatis
1446 396 1905 459 francofurten-

135 509 236 584 siS‚
285 531 574 594 annoque
601 522 920 593 sequente,
956 531 1094 569 cum
1123 509 1528 573 universitate
1554 511 1705 596 ipsa,
1746 515 1904 574 Vra-

132 623 445 686 tislaviam
491 638 740 708 petenS,
799 623 1047 706 negotia
1096 624 1283 706 plane
1320 625 1477 686 alius
1521 625 1763 709 generis
1802 648 1904 687 me

134 738 465 821 cogebant,
513 738 887 822 opusculum
922 737 1284 818 inchoatum
1318 760 1432 822 per
1465 761 1656 800 annos
1687 740 1903 823 plures

131 852 511 936 relinquere.
583 853 917 935 Nunquam
945 864 1151 912 autem
1177 875 1276 913 me
1301 853 1636 936 poenituit,
1684 874 1907 914 mono-

134 966 456 1050 graphiam
502 966 1001 1027 Ichneumonum
1056 979 1207 1026 tunc
1265 967 1568 1049 temporis
1628 968 1904 1028 nondum

132 1080 473 1163 perfecisse
508 1095 572 1143 et
605 1081 899 1151 edidisse,
957 1080 1022 1168 in
1058 1079 1279 1169 Silesia
1313 1081 1481 1142 enim
1517 1082 1906 1142 collectanea

131 1206 257 1255 tam
303 1197 499 1256 multa
538 1210 602 1258 et
647 1217 804 1257 nova
842 1217 1087 1255 mecum
1122 1195 1773 1268 communicabantur,
1835 1206 1907 1255 ut

132 1332 292 1392 quae
336 1311 828 1393 conscripseram
886 1309 1104 1371 saltem
1153 1309 1350 1393 duplo
1409 1322 1784 1392 augerentur
1843 1318 1908 1369 et

131 1424 338 1485 denuo
382 1447 452 1486 ea
503 1445 882 1508 componere
927 1448 1027 1486 me
1069 1436 1409 1508 oporteret.
1517 1422 1741 1484 Omnia
1785 1444 1905 1496 me,

131 1560 248 1623 pro
283 1538 437 1600 meis
474 1538 742 1612 viribuS,
790 1538 1018 1601 fecisse
1055 1540 1269 1613 credO,
1319 1551 1388 1599 ut
1424 1537 1748 1598 materiam
1773 1558 1910 1597 om-

131 1652 315 1715 nibus
356 1653 638 1738 partibus
676 1644 1076 1727 conficerem,
1135 1666 1204 1714 ut
1244 1674 1467 1736 genera
1519 1664 1580 1713 et
1618 1650 1906 1725 familiaS‚

133 1789 243 1828 seu
282 1768 643 1850 subgenera,
693 1767 859 1828 notis
899 1767 1245 1840 stabilibus,
1295 1789 1408 1828 nec
1443 1766 1906 1839 vacillantibuS‚

131 1883 449 1965 oculoque
485 1882 674 1944 facile
702 1905 766 1943 se
788 1882 1252 1966 praebentibus,
1299 1881 1624 1942 definirem
1660 1894 1723 1943 et
1750 1880 1911 1963 legi-

128 1994 246 2057 bus
294 2010 551 2058 naturae
617 1995 1026 2079 congruentia
1084 1996 1474 2069 exhiberem,
1544 2008 1615 2056 ut
1665 1996 1907 2078 species

131 2109 596 2172 accuratissime
622 2111 1040 2173 describerem
1070 2123 1134 2171 et
1167 2109 1405 2183 omnia,
1456 2131 1615 2193 quae
1641 2110 1718 2170 de
1743 2108 1909 2172 vitae

130 2224 374 2285 ratione
401 2247 632 2300 earum,
680 2249 714 2287 e
740 2249 878 2286 mea
910 2225 1013 2287 vel
1038 2247 1114 2286 ex
1141 2225 1410 2285 aliorum
1437 2225 1910 2286 observatorum

132 2338 547 2422 experientia,
594 2338 751 2399 mihi
799 2339 1231 2412 innotuerant,
1281 2339 1587 2411 adderem,
1635 2336 1910 2421 denique

132 2466 206 2514 ut
238 2453 691 2536 synonymiam,
741 2452 974 2535 ubique
1001 2475 1034 2512 e
1065 2452 1407 2513 collatione
1435 2451 1911 2534 religiosissime

134 2589 166 2628 a
203 2590 303 2628 me
338 2558 479 2650 ipso
518 2567 837 2639 instituta,
887 2567 1194 2649 nulloque
1219 2567 1490 2649 allegato
1531 2589 1564 2627 e
1593 2567 1723 2626 sola
1753 2566 1914 2627 alio-

132 2704 272 2745 rum
313 2682 693 2765 scriptorum
730 2679 1103 2743 auctoritate
1138 2693 1413 2764 receptO,
1464 2702 1650 2763 quam
1672 2680 1911 2762 plenis-

134 2795 292 2856 sime
346 2795 769 2878 adjungerem.
906 2794 1105 2855 Simul
1161 2816 1310 2855 vero
1367 2793 1752 2877 experientia
1810 2816 1910 2856 me

133 2909 369 2984 docuit,
416 2922 699 2972 naturam
732 2909 1014 2971 infinitae
1049 2907 1494 2992 profunditatis
1537 2920 1616 2980 et,
1664 2909 1909 2970 ratione

133 3023 372 3107 legum,
422 3047 573 3108 quas
608 3025 917 3108 sequitur,
965 3023 1147 3085 nobis
1182 3044 1365 3105 saepe
1397 3020 1910 3104 inexplicabilem

137 3149 202 3201 et
235 3138 563 3199 obscuram
592 3161 747 3200 esse.
843 3139 1094 3199 Genera
1123 3149 1188 3200 et
1219 3135 1512 3209 familiae,
1557 3136 1909 3219 specierum

136 3273 397 3324 numero
441 3251 711 3336 insignia
757 3265 822 3316 et
859 3252 1098 3338 ampla,
1159 3249 1404 3336 saepius
1446 3250 1550 3316 vix
1595 3249 1906 3315 limitibus
