1934 3690
625 152 794 194 EAM.
844 140 905 206 Ι,
953 151 1145 193 sssc‘r.
1196 154 1252 192 v.
1688 138 1816 196 289

67 293 249 358 Ichn.
296 291 650 354 extensorii
696 287 959 348 varietas
1003 286 1287 346 antennis
1335 296 1477 347 ante
1515 285 1816 346 annulum

419 387 629 448 album
654 386 822 458 rufis,
849 385 1027 467 cujus
1054 385 1285 446 Villers
1331 385 1435 466 (p.
1467 392 1603 457 136,
1647 409 1705 445 ιι.
1743 387 1816 466 4)

420 499 484 548 et
535 485 779 547 Olivier
832 484 934 567 (p.
984 486 1134 556 165,
1192 507 1249 544 n.
1298 485 1384 565 4)
1436 484 1815 546 mentionem

418 585 677 645 faciunt.

487 767 714 828 Nota:

193 880 372 944 Ichn.
401 887 728 964 rapterius
747 878 926 940 Fabr.
956 878 1118 939 Piez.
1146 901 1206 962 p.
1233 881 1332 950 56,
1359 902 1417 939 n.
1446 884 1502 952 6,
1522 879 1815 962 Trentep.

72 981 140 1042 iu
179 981 343 1041 Iside
386 987 548 1044 1826
586 1002 646 1064 p.
687 987 811 1044 228
849 992 913 1040 et
949 977 1367 1039 Walckenaer
1401 1000 1462 1061 p.
1499 979 1606 1048 50,
1650 1000 1711 1040 n.
1760 982 1819 1048 4,

73 1080 155 1140 ob
181 1092 493 1161 segmenta
517 1088 585 1151 2,
634 1089 672 1143 3
707 1093 770 1139 et
795 1083 833 1140 4
861 1077 1011 1148 rusa,
1062 1099 1174 1137 nec
1203 1077 1275 1135 ad
1302 1089 1578 1137 nostrum
1604 1088 1823 1159 rapto-

74 1184 238 1240 rium
275 1199 388 1238 nec
422 1180 496 1237 ad
533 1183 957 1240 extensorium
993 1174 1271 1235 adhiberi
1310 1188 1536 1258 potest.
1571 1209 1658 1222 --

198 1277 379 1339 Ichn.
406 1284 730 1359 rapterius
755 1276 937 1336 Mun.
966 1275 1197 1347 Prodr„
1248 1298 1304 1334 n.
1341 1277 1519 1346 1765,
1565 1274 1646 1335 ob
1669 1274 1825 1334 eita-

76 1387 202 1435 tam
255 1379 507 1436 Iconem
557 1374 1221 1457 Pontoppidanianam,
1291 1374 1501 1455 potius
1556 1372 1633 1431 ad
1680 1370 1827 1434 Ich-

73 1496 433 1536 neumonem
464 1480 855 1555 grossorium
892 1471 1109 1532 referri
1146 1472 1352 1532 debet.

201 1573 380 1635 Ichn.
428 1579 756 1654 raptorius
798 1570 1053 1630 Pauzeri
1099 1569 1176 1628 ad
1229 1569 1367 1629 Kob
1409 1569 1585 1632 Ichn.
1633 1568 1829 1631 vada-

76 1677 246 1734 torio
282 1671 637 1754 respondet.

202 1772 306 1832 De
327 1769 747 1832 Ichneumone
770 1773 1061 1853 raptorio
1093 1765 1432 1837 Schrankii,
1482 1762 1823 1837 Latreillei‚

76 1868 277 1929 Rossii
326 1881 390 1929 et
437 1869 701 1930 Olivieri
740 1868 1018 1928 conferas
1066 1887 1222 1948 quae
1269 1865 1344 1924 ad
1375 1865 1553 1927 Ichn.
1603 1877 1826 1926 exten-

74 1974 350 2040 sorium,
404 1967 568 2028 inter
611 1988 949 2048 synonyma
985 1966 1204 2035 mixta,
1257 1964 1493 2024 monui.
1584 1963 1828 2024 Ibidem

81 2067 264 2128 etiam
299 2068 377 2127 de
413 2065 740 2145 Geoffroyi
778 2063 1199 2124 Ichneumone
1228 2070 1307 2127 49
1339 2063 1588 2124 locutus
1625 2084 1779 2122 sum.

204 2165 418 2225 Nostri
475 2164 914 2225 Ichneumonis
961 2168 1236 2245 raptorii
1290 2162 1551 2222 varietas
1605 2161 1822 2243 prima,

81 2265 363 2326 antennis
388 2262 836 2345 gracilioribus,
880 2261 1219 2322 semoribus
1243 2259 1653 2322 anterioribus
1677 2259 1828 2321 totis

81 2365 260 2435 rufis,
306 2363 576 2422 medium
625 2374 796 2421 tenet
832 2361 995 2420 inter
1018 2359 1177 2419 hanc
1212 2370 1275 2420 et
1301 2371 1661 2441 sequentem
1688 2379 1829 2441 spe-

83 2463 272 2534 ciem,
334 2463 665 2543 ambasque
698 2460 959 2542 jungere
1005 2459 1269 2520 videtur.
1369 2460 1471 2519 De
1513 2456 1611 2517 his
1657 2456 1829 2518 aliis·-

83 2584 207 2645 que
233 2560 636 2623 affinitatibus
662 2559 801 2621 vide
827 2572 1035 2620 notam
1056 2557 1132 2618 ad
1153 2557 1423 2641 speciem
1445 2567 1826 2639 sequentem.

215 3369 350 3410 Irhn.
385 3368 564 3421 Europ.
599 3366 709 3409 Pars
746 3367 780 3406 1.
1297 3360 1370 3419 19
