1997 3680
177 93 307 155 432
606 90 609 93 ’
833 103 1287 146 ιοιιΝΒυΜοΝ

525 243 721 314 flate,
767 239 1102 323 segmentis
1129 238 1372 299 duobus
1397 238 1709 301 basalibus
1744 241 1936 303 abdo-

523 342 743 402 »minis
814 338 1112 422 utrinque
1165 349 1402 422 puncto
1469 338 1681 413 albo‚«
1764 342 1935 424 quod

522 442 712 503 etiam
770 463 805 502 e
863 439 1051 500 citata
1108 436 1372 499 Schaeff.
1443 439 1613 499 Icon.
1669 439 1791 500 tab.
1853 445 1935 505 84

519 541 621 623 fig.
683 548 720 605 9
780 540 1090 623 apparet).

168 642 347 707 Ichn.
389 645 781 702 moratorius
813 637 1060 701 Thunb.
1098 636 1272 698 Ichu.
1315 638 1416 700 75.

168 743 346 807 Ickn.
385 740 806 803 mediatorius
841 740 1074 799 Panz'er
1104 738 1345 811 Fauna,
1392 737 1539 798 fasc.
1577 743 1686 810 80,
1733 736 1857 799 tab.
1895 743 1936 801 7

522 838 721 920 (haud
768 837 1008 919 Fabr.).

171 947 540 1028 Crypturus
571 940 1020 1019 suggillatorius
1057 937 1354 998 Lamarck
1390 958 1451 1021 p.
1497 940 1647 1009 141,
1697 960 1754 997 n.
1814 942 1867 999 1.

591 1123 823 1183 Nota:

299 1242 400 1300 De
424 1237 602 1300 Ichn.
639 1240 969 1297 natatorio
993 1233 1266 1294 Fabricii
1292 1254 1441 1295 vero
1466 1232 1712 1294 nullum
1742 1243 1938 1292 restat

172 1337 460 1411 dubium,
509 1360 647 1398 cum
693 1337 968 1397 Germar
1005 1335 1167 1395 idem
1206 1332 1629 1406 individuum,
1676 1332 1780 1416 *cui
1818 1333 1938 1392 Fa-

158 1438 407 1498 bricius
457 1438 592 1520 ipse
640 1436 705 1495 iu
754 1434 1136 1495 collectione
1173 1432 1449 1493 Hiibneri
1490 1454 1716 1494 nomen
1754 1444 1943 1495 nata-

173 1542 328 1598 torii
348 1536 776 1618 adscripscrat,
803 1556 1047 1594 mecum
1072 1532 1644 1595 communicaverit.
1675 1569 1761 1578 —
1784 1534 1943 1592 Pan-

173 1655 319 1694 zero
355 1649 589 1705 autem,
638 1634 745 1716 qui
773 1633 837 1693 in
863 1631 1195 1694 Revisioue
1220 1654 1355 1715 pag.
1388 1639 1463 1695 61
1495 1645 1723 1705 censet,
1758 1632 1940 1695 Iclm.

175 1740 572 1795 notatorium
597 1735 778 1793 Panz.
810 1734 1005 1792 Faun.
1036 1733 1209 1791 Fasc.
1240 1738 1348 1803 80,
1395 1732 1521 1791 tab.
1561 1739 1629 1804 9,
1676 1744 1740 1791 et
1760 1731 1940 1792 Ichn.

176 1839 676 1913 variegatorium
723 1832 987 1901 ibidem,
1059 1829 1208 1889 fasc.
1260 1836 1374 1900 73,
1439 1830 1564 1890 tab.
1622 1838 1729 1903 11,
1800 1851 1945 1890 cum

175 1933 355 1994 Ichn.
415 1937 747 1994 natatorio
791 1930 972 1990 Fabr.
1034 1927 1506 2010 conjungendos
1545 1951 1708 2001 esse,
1778 1928 1946 1990 haud

178 2031 487 2092 adsentire
514 2053 786 2114 possum,
836 2052 975 2090 nam
1002 2041 1234 2111 puncta
1259 2028 1416 2100 alba,
1463 2028 1529 2089 in
1554 2029 1731 2090 Ichn.
1758 2042 1947 2090 nata-

178 2137 344 2193 torio
392 2132 570 2191 Fabr.
628 2131 703 2190 ad
752 2129 932 2189 basin
983 2139 1444 2210 segmentorum
1500 2129 1647 2202 sita,
1722 2128 1787 2188 in
1845 2126 1943 2188 his

178 2230 704 2292 Ichneumonibus
751 2227 1145 2290 Panzerianis
1194 2227 1438 2311 apicem
1485 2241 1948 2310 segmentorum

177 2341 514 2412 occupant3
559 2342 880 2412 praeterea
913 2328 1101 2390 etiam
1138 2326 1383 2410 pictura
1420 2327 1722 2410 segmenti
1756 2327 1947 2409 primi

181 2442 245 2491 et
280 2428 508 2511 pedum
547 2429 776 2490 differt.
872 2429 1204 2489 Caeterum
1251 2449 1401 2488 cave
1439 2449 1516 2488 ne
1550 2427 1727 2489 Ichn.
1763 2440 1948 2489 nota-

183 2534 417 2591 torium
467 2529 749 2601 Panzeri,
808 2528 883 2590 de
931 2549 1056 2612 quo
1103 2526 1385 2589 conferas
1433 2538 1715 2587 nostrum
1762 2525 1944 2588 Jclzn.

166 2628 713 2708 flavoguttatum,
762 2650 819 2686 n.
863 2633 1011 2701 174,
1061 2650 1204 2689 cum
1239 2626 1416 2690 Ichn.
1452 2631 1781 2688 notatorio
1805 2625 1950 2686 Oli-

185 2728 369 2798 vieri,
426 2749 485 2808 p.
542 2731 686 2794 171,
743 2748 800 2784 n.
856 2735 965 2798 37,
1027 2742 1088 2788 et
1126 2726 1411 2789 Villersii
1458 2748 1517 2808 p.
1572 2728 1717 2797 159,
1767 2749 1824 2785 n.
1864 2730 1948 2788 73

186 2825 546 2889 confundas
584 2858 668 2867 -
703 2823 881 2884 Ichn.
932 2833 1300 2888 natatorius
1343 2824 1593 2886 Thunb.
1642 2823 1815 2884 Ichn.
1863 2830 1948 2887 22

187 2926 402 2989 differt
435 2921 779 2983 abdominis
818 2923 945 2982 basi
983 2926 1117 2984 rufa
1154 2938 1272 2987 etc.

315 3023 493 3087 Ichn.
544 3024 989 3102 sugillatorius
1039 3024 1258 3086 Linnei
1304 3023 1427 3085 huc
1477 3045 1602 3085 non
1654 3022 1946 3107 pertinet,

188 3136 450 3210 propter
483 3121 673 3203 pedes
710 3121 936 3202 nigrOS,
984 3122 1090 3180 sed
1128 3122 1202 3181 ad
1238 3136 1519 3183 nostrum
1545 3122 1723 3184 Ichn.
1756 3123 1952 3203 sugil-

160 3228 520 3295 .latorium,
547 3242 605 3282 n.
642 3224 782 3285 172.
811 3254 897 3266 —
918 3219 1115 3294 Rossi‚
1152 3220 1218 3283 in
1238 3221 1663 3307 descriptione
1684 3221 1953 3304 sugilla-
