1934 3690
663 57 885 99 narro
930 57 1162 98 vtrAE.
1699 45 1783 103 97

39 199 241 261 dendo
267 198 498 260 exitum
524 195 786 279 aperuit,
829 207 997 254 extra
1023 194 1254 255 larvam
1277 192 1633 255 folliculum
1663 193 1782 256 sibi

40 312 147 359 net
167 298 495 366 sericeum,
542 294 851 353 duriorem
890 307 994 354 aut
1028 294 1358 366 laxiorem,
1407 306 1470 354 et
1505 294 1569 353 in
1605 318 1782 376 nym-

40 397 225 480 pham
277 407 577 464 mutatur,
635 415 669 452 e
717 415 862 474 qua,
912 405 1053 475 post
1095 405 1338 476 tempus
1382 392 1631 474 longius
1679 406 1786 454 aut

39 495 317 566 brevius,
365 493 666 553 insectum
703 493 1080 552 declaratum
1106 490 1471 573 prorumpit.
1563 492 1785 574 Singu-

40 594 188 654 laris
230 607 434 652 autem
469 591 684 650 modus
721 604 814 650 est
862 613 983 673 quo
1019 592 1224 651 larvae
1262 589 1568 673 Ophionis
1606 591 1783 663 lutei,

43 705 107 753 et
130 692 338 752 forsan
364 689 638 748 omnium
670 690 1013 772 specierum
1040 689 1225 771 hujus
1251 687 1509 772 generiS,
1533 688 1782 771 degunt.

38 792 243 851 Mater
287 810 510 871 nempe
551 809 665 850 ova
712 788 890 870 ponit
930 789 1227 871 petiolata
1284 788 1348 848 in
1394 788 1787 871 superficiem

43 911 261 950 erucae
294 887 620 969 Bombycis
669 888 947 958 vinulae3
994 888 1197 947 larvae
1246 886 1532 948 exclusae
1578 899 1785 949 autem

43 1009 166 1048 non
201 1008 422 1070 corpus
459 1009 678 1046 erucae
716 986 949 1046 intrant
979 987 1112 1056 sed,
1163 987 1353 1045 cauda
1379 985 1440 1047 in
1467 987 1785 1070 putamine

42 1086 144 1158 ovi
170 1086 314 1156 fixa,
363 1085 572 1167 itaque
609 1085 918 1146 mediante
956 1085 1195 1168 petiolo
1233 1085 1332 1144 ovi
1372 1085 1619 1168 corpori
1646 1109 1790 1147 eru·-

43 1207 150 1244 cae
176 1184 592 1255 adhaerenteS,
619 1184 773 1244 hanc
800 1197 1104 1266 exsugunt
1128 1184 1324 1243 donec
1349 1183 1594 1248 adultae
1620 1199 1782 1247 sunt.

44 1283 222 1342 Licet
250 1282 400 1342 haec
439 1284 670 1344 insecta
709 1284 851 1343 satis
891 1283 1076 1365 agilia
1115 1282 1236 1342 sint
1272 1294 1334 1344 et
1357 1283 1655 1346 facillime
1681 1309 1791 1347 vo-

41 1382 174 1441 latu
199 1382 388 1441 celeri
414 1383 739 1464 effugiant,
791 1383 836 1441 si
867 1383 940 1440 ad
965 1405 1032 1440 ea
1061 1380 1536 1464 adpropinquas,
1582 1395 1792 1447 tamen

40 1479 336 1550 feminae,
394 1502 508 1541 ova
552 1479 840 1562 gignendi
897 1492 1262 1562 occupatae,
1320 1479 1504 1562 hujus
1556 1485 1792 1566 negotii

44 1579 197 1638 adeo
233 1590 401 1638 totae
444 1592 585 1638 sunt
637 1594 703 1639 ut
751 1579 986 1638 nullam
1020 1579 1201 1638 aliam
1237 1599 1396 1651 rem,
1443 1604 1557 1641 nec
1593 1583 1794 1665 ipsam

41 1678 261 1749 vitam,
309 1690 545 1738 curent.
637 1679 776 1738 Non
809 1677 1008 1737 solum
1043 1675 1118 1735 ad
1155 1676 1422 1737 lubitum
1465 1702 1498 1739 e
1537 1682 1795 1765 propin-

46 1798 171 1859 quo
217 1776 557 1848 observari,
618 1778 723 1837 sed
768 1775 976 1858 digitis
1028 1799 1060 1835 a
1107 1776 1280 1849 locO,
1330 1799 1453 1860 quo
1502 1778 1792 1854 insident,

46 1875 272 1936 auferri
300 1874 649 1957 patiuntur·,
697 1873 746 1932 si
785 1897 881 1934 eas
918 1887 1122 1934 autem
1157 1874 1353 1956 digito
1390 1877 1652 1962 adtingis
1691 1894 1797 1941 aut

45 1974 361 2044 deturbas,
409 1972 618 2054 potius
656 1972 827 2053 quasi
873 1972 1152 2054 stupidae
1199 1975 1567 2036 delabentur
1612 2002 1795 2061 quam

48 2072 401 2131 avolabunt..
493 2071 625 2128 Hoc
664 2071 982 2131 observavi
1020 2071 1084 2130 in
1119 2072 1352 2155 Rhyssa
1385 2081 1794 2156 persuasoria,

50 2193 162 2230 nec
194 2190 315 2228 non
341 2167 405 2226 in
431 2167 722 2250 Ephialte
761 2169 1119 2229 carbonario
1151 2171 1490 2235 mediatore
1515 2188 1577 2235 et.
1601 2178 1800 2237 mani-

47 2269 361 2328 festatore.
403 2301 484 2310 —
525 2267 699 2344 Quae
723 2267 842 2339 hic,
881 2268 956 2327 de
983 2267 1256 2330 moribus
1279 2283 1342 2332 et
1368 2272 1531 2334 vitae
1558 2275 1801 2338 ratione

48 2362 629 2437 Ichneumonidum‚
677 2365 835 2428 laevi
859 2367 1278 2430 delineatione
1303 2371 1556 2432 exhibui
1581 2377 1631 2435 si
1658 2397 1804 2456 per-

49 2466 274 2526 sectius
302 2477 364 2523 et
390 2462 732 2524 accuratius
762 2487 1137 2548 cognoscere
1160 2470 1390 2551 cupias,
1438 2472 1606 2533 adire
1644 2475 1801 2536 velis

51 2585 237 2645 opera
288 2560 667 2634 Reaumurii,
715 2563 1009 2647 Degeeri,
1055 2567 1352 2640 Roeselii,
1408 2572 1803 2658 aliorumque

52 2660 546 2743 coryphaeorum
616 2665 1183 2745 entomologorum3
1250 2668 1548 2749 quaedam
1615 2674 1803 2736 etiam

51 2760 278 2843 passim
306 2758 370 2817 in
395 2756 507 2816 hac
523 2755 1116 2844 Ichneumonologia
1140 2781 1618 2828 commemorata
1641 2785 1800 2834 sunt.

181 2859 280 2915 De
320 2857 547 2937 copula
583 2855 800 2919 horum
848 2859 1230 2922 insectorum
1265 2864 1424 2926 nihil
1462 2889 1497 2927 e
1529 2870 1802 2951 propriis

54 2953 590 3015 observationibus
639 2958 916 3038 proferre
957 2981 1238 3041 possum,
1287 2988 1602 3049 nunquam
1636 2968 1803 3028 enim

52 3051 206 3111 mihi
249 3052 573 3124 successit,
620 3076 730 3136 par
764 3057 987 3139 copula
1032 3056 1318 3139 junctum
1362 3077 1468 3123 aut
1514 3066 1804 3147 copulam

50 3169 271 3228 parans
318 3149 625 3221 invenire,
672 3153 824 3214 licet
870 3155 1077 3216 forsan
1122 3171 1372 3221 centum
1406 3163 1605 3223 millia
1645 3165 1804 3223 iudi-

161 3261 306 3303 Ichn.
341 3261 523 3316 Europ.
559 3262 671 3305 Pars
704 3265 742 3305 Ι.
1251 3260 1289 3315 7
