1934 3690
131 191 212 249 78
854 197 934 241 v1.
982 196 1189 239 ALAE.

125 339 347 427 primis
375 336 642 408 areolae,
678 331 952 394 cellulae
978 332 1298 395 interioris
1323 345 1387 394 et
1413 333 1686 398 cellulae
1708 336 1913 398 radia-

124 443 203 504 lis
231 440 540 502 rationem
567 431 923 505 habuerim,
973 432 1050 494 de
1073 431 1170 494 his
1196 433 1500 516 quaedam
1536 433 1739 495 adhuc
1763 456 1913 518 pro-

123 543 291 604 ferre
322 538 478 600 mihi
520 536 741 597 liceat:
819 535 1072 594 Cellula
1112 533 1391 595 radiolis
1441 526 1733 616 plurimis
1768 558 1913 619 spe-

123 643 342 704 ciebus
371 635 722 700 lanceolata
750 644 845 693 est
869 644 934 692 et
963 632 1390 713 magnitudine
1418 632 1751 705 mediocri;
1790 636 1911 695 Po-

116 740 439 803 rizonibus
466 747 673 796 autem
694 731 834 813 (fig.
862 734 936 813 2)
963 752 1315 816 permagna,
1350 731 1771 815 triangulariS‚
1803 755 1910 794 an-

119 841 270 923 gulo
295 835 596 898 interiore
620 844 814 905 rectO,
851 831 917 890 in
941 831 1152 892 medio
1179 830 1337 891 disci
1364 831 1500 891 alae
1529 831 1670 892 sit0.
1766 836 1909 897 Cel-

119 943 260 1004 lala
309 941 577 1001 interior
626 934 733 1014 (7)
784 931 1083 1001 maxima,
1146 952 1180 991 e
1229 929 1574 991 coalitione
1631 931 1908 994 cellulae

117 1039 412 1103 cubitalis
469 1032 790 1096 interioris
850 1043 914 1092 et
968 1030 1240 1091 cellulae
1307 1028 1672 1090 discoidalis
1743 1032 1908 1092 inte-

115 1138 305 1200 rioris
362 1136 450 1215 (x.
491 1135 565 1216 y)
614 1145 751 1193 orta
803 1144 926 1204 est,
975 1150 1167 1190 nervo
1214 1128 1566 1200 dividente,
1631 1129 1740 1211 qui
1792 1127 1903 1189 has

116 1241 267 1300 duas
325 1234 590 1296 cellulas
643 1232 975 1314 sejungere
1021 1229 1308 1299 deberet,
1368 1250 1598 1311 easque
1647 1227 1714 1287 in
1763 1228 1903 1288 aliis

111 1332 585 1421 hymenopteris
646 1333 835 1393 etiam
894 1328 1176 1412 perfecte
1236 1325 1537 1408 sejungit,
1597 1326 1899 1388 extincto.

111 1439 437 1520 Plerisque
485 1448 695 1494 tamen
749 1430 1079 1514 speciebus
1125 1426 1463 1508 vestigium
1501 1425 1675 1485 illius
1725 1426 1902 1487 nervi

110 1538 450 1599 dividentis
513 1535 645 1614 (z),
705 1529 1055 1592 obsoletius
1120 1540 1228 1587 aut
1286 1526 1675 1598 distinctim,
1748 1547 1902 1587 con-

111 1639 407 1722 spicitur,
458 1655 686 1715 nempe
713 1632 776 1691 in
804 1629 1130 1712 superiore
1166 1626 1355 1708 hujus
1395 1627 1668 1687 cellulae
1700 1640 1896 1709 parte,

111 1739 220 1800 ubi
280 1759 507 1798 nervus
564 1735 679 1794 ille
737 1753 880 1791 cum
937 1728 1095 1799 alio,
1160 1726 1234 1784 ab
1292 1747 1368 1786 eo
1426 1747 1638 1788 versus
1697 1726 1900 1785 cellu-

107 1841 233 1901 lam
301 1837 615 1920 posticam
683 1828 1051 1891 interiorem
1121 1837 1514 1897 recurrente,
1596 1826 1897 1907 angulum

105 1940 452 2001 acutiorem
489 1946 596 1994 aut
623 1928 1015 1992 obtusiorem
1056 1924 1357 1985 exhibere
1394 1925 1574 1985 solet.
1670 1926 1891 1986 Rarius

100 2039 224 2100 hoc
282 2037 458 2098 nervi
516 2028 854 2091 dividentis
911 2025 1340 2084 rudimentum
1386 2046 1586 2106 usque
1634 2026 1710 2083 ad
1761 2048 1894 2086 me—

106 2141 280 2200 dium
309 2135 585 2198 cellulae
611 2126 933 2190 interioris
962 2124 1256 2195 excurrit,
1288 2146 1340 2184 e.
1373 2146 1428 2206 g.
1459 2123 1523 2183 in
1548 2124 1894 2207 Tryphone

103 2239 450 2309 maculato,
510 2232 839 2292 Lissonota
895 2224 1159 2295 dorsali,
1219 2223 1463 2305 Pimpla
1510 2223 1895 2285 decimatore

104 2340 240 2420 (fig.
262 2339 365 2418 3)·,
411 2333 789 2418 plerumque
815 2327 1122 2410 perbreve
1147 2336 1258 2396 est,
1274 2331 1398 2395 {aut
1425 2324 1690 2405 angulus
1720 2325 1892 2386 solus

103 2442 321 2501 locum
345 2435 602 2505 indicat,
642 2430 806 2491 unde
832 2445 1166 2487 excurrere
1191 2424 1481 2494 deberet;
1530 2423 1757 2484 deinde
1784 2447 1892 2485 an-

103 2540 287 2623 gulus
335 2554 589 2618 quoque
629 2526 974 2595 evanescit,
1024 2535 1089 2583 et
1128 2542 1383 2593 nervuS,
1435 2521 1543 2604 qui
1589 2523 1890 2585 cellulam

101 2640 414 2700 internam
452 2655 483 2692 a
521 2628 755 2690 cellula
789 2621 1119 2684 discoidali
1168 2621 1541 2683 intermedia
1592 2622 1886 2706 sejungit,

103 2759 315 2800 arcum
364 2731 620 2795 exhibet
653 2729 798 2812 plus
849 2724 1054 2784 minus
1103 2736 1457 2795 arcuatum,
1504 2723 1705 2783 donec
1750 2735 1890 2785 tan-

102 2839 273 2907 dem,
322 2857 373 2895 e.
405 2854 458 2914 g.
493 2831 559 2890 in
584 2825 995 2888 Porizonibus
1034 2823 1168 2904 (fig.
1200 2824 1306 2902 2),
1355 2844 1534 2882 arcus
1562 2822 1627 2882 in
1653 2823 1887 2884 lineam

98 2950 334 3002 rectam
359 2928 612 3000 transit,
662 2946 974 3008 omneque
1012 2922 1351 3003 vestigium
1387 2923 1562 2983 nervi
1599 2922 1887 2985 dividen-
1930 2979 1932 2982 .

97 3038 180 3097 tis
233 3033 636 3095 obliteratum
683 3039 794 3087 est.
889 3025 1135 3087 Areolcz
1176 3022 1499 3081 nonnullis
1552 3021 1883 3103 speciebus

98 3149 163 3198 et
199 3132 531 3218 generibus
581 3130 786 3198 deest3
834 3123 1143 3208 plurimae
1191 3135 1398 3182 autem
1437 3143 1508 3182 ea
1541 3121 1884 3184 instructae

99 3246 262 3295 sunt.
359 3229 682 3308 Quaedam
721 3225 961 3309 speeies
1001 3221 1341 3282 individuis
1392 3220 1633 3282 variant
1671 3222 1882 3282 areola

97 3333 395 3396 distincta
431 3341 538 3391 aut
574 3348 864 3413 prorsum
899 3324 1094 3386 nulla.
1187 3323 1324 3381 Imo
1348 3333 1690 3383 occurrunt
1717 3321 1881 3382 indi-
