1997 3680
113 155 238 222 650
654 210 658 214 ,
770 171 1214 213 IcHNssUMON

111 328 322 369 versus
370 305 599 368 sensim
645 306 937 380 dilatato,
994 306 1233 368 ultimis
1277 307 1590 370 interdum
1629 331 1867 373 summo

110 405 386 487 margine
422 405 995 488 subglaucescente.
1086 409 1370 471 Aculeus
1402 408 1822 472 brevissimus,

239 507 555 566 Nonnulla
624 507 992 590 specimina,
1057 506 1123 567 in
1185 511 1495 582 Austria,
1559 510 1869 584 Bavaria,

107 606 511 689 Franconia,
569 629 684 668 nec
737 628 859 667 non
901 628 1098 690 prope
1135 608 1426 670 Parisios
1471 608 1754 671 Genuam
1805 622 1870 671 et

107 704 173 764 in
217 707 489 786 Regione
529 706 996 790 pedemontana
1042 720 1252 791 capta,
1311 707 1466 767 mihi
1513 708 1873 775 transmissa

110 818 272 866 sunt.
343 807 509 869 Nees
534 806 612 869 ab
639 796 960 870 Esenbecli
985 806 1150 868 hunc
1175 806 1466 869 Ischnum
1495 807 1698 890 primo
1725 831 1870 870 vere

107 907 183 965 ad
228 907 526 968 fenestras
577 908 773 989 cepit,
847 905 1054 989 pluria
1107 907 1428 969 individua
1479 920 1684 969 autem
1731 928 1868 970 sero

105 1019 407 1067 autumno
451 1006 564 1067 sub
603 1000 839 1072 cortice
877 1007 1085 1068 salicis
1133 1007 1451 1069 socialiter
1487 1008 1867 1071 abscondita.

436 1232 439 1235 -
756 1190 1220 1275 Synonyma:

103 1305 280 1369 Iclm.
318 1315 658 1366 truncator
688 1303 870 1364 Fabr.
916 1304 1059 1365 Ent.
1101 1290 1319 1389 Suppl.
1360 1327 1424 1389 p.
1459 1313 1613 1379 222,
1670 1330 1728 1368 n.
1768 1313 1866 1371 81.

182 1451 222 1478 ‚,
307 1403 730 1469 Walckenaer
757 1425 820 1486 p.
859 1406 972 1478 57,
1021 1429 1080 1468 n.
1135 1414 1236 1470 39.

206 1552 222 1577 ,
311 1503 561 1564 Thunb.
602 1502 811 1577 Ichn.‚
860 1528 919 1565 n.
963 1512 1103 1569 160.

206 1651 220 1676 ,
310 1602 1054 1679 Grave11h.Pedemont-.,
1118 1630 1176 1667 n.
1222 1607 1362 1669 105.

99 1706 339 1768 Bassus
374 1716 713 1768 truncator
749 1705 800 1764 F
805 1705 932 1767 abr.
976 1704 1141 1767 Piez.
1183 1727 1243 1791 p.
1286 1712 1398 1779 98,
1446 1728 1507 1768 n.
1552 1711 1648 1769 17.

522 1890 753 1951 Nota:

207 2002 510 2065 Conferre
542 2004 699 2065 velis
731 2015 939 2064 notam
965 2003 1040 2064 ad
1066 2003 1341 2087 speciem
1363 2002 1856 2087 praecedentem.

224 2104 405 2166 Iclm.
458 2104 840 2188 Coqueberti
880 2106 969 2176 II,
1028 2125 1088 2188 p.
1131 2109 1242 2178 49,
1299 2104 1425 2167 tab.
1483 2111 1592 2177 11,
1647 2104 1747 2186 fig.
1802 2108 1858 2174 6,

101 2227 284 2287 quem
320 2204 739 2267 VValckenaer
774 2204 848 2265 ad
883 2203 1041 2265 hanc
1068 2205 1338 2289 speciem
1366 2206 1595 2277 laudat,
1644 2227 1865 2268 secun-

97 2305 242 2364 dum
274 2304 509 2363 alarum
536 2304 797 2366 cellulas
825 2305 1200 2365 Braconibus
1227 2306 1718 2367 adnumerandus
1746 2318 1857 2367 est..

97 2438 185 2450 -—-
216 2404 451 2463 Forsan
486 2418 692 2465 autem
730 2405 907 2468 Ichn.
953 2408 1283 2469 colorator
1308 2405 1591 2469 Villersii
1624 2430 1683 2490 p.
1723 2412 1859 2479 196,

99 2527 156 2563 u.
207 2511 352 2575 197,
403 2516 467 2562 et
504 2505 769 2565 Olivieri
799 2528 859 2588 p.
896 2512 1039 2577 217,
1089 2529 1147 2567 n.
1191 2512 1270 2568 64
1305 2506 1380 2566 ad
1409 2507 1730 2570 individua
1753 2529 1861 2567 an·-

96 2603 301 2665 tennis
341 2603 768 2667 subannulatis
806 2605 1027 2668 referri
1063 2618 1294 2690 posset.

634 2838 754 2887 281.
831 2830 1215 2886 LDEBILIS.
1289 2851 1346 2884 n.

430 2968 698 3022 Thoracis
722 2969 950 3042 picturis
985 2971 1325 3046 scutelloque
1354 2973 1614 3026 castaneis
1648 2981 1739 3026 aut
1769 2969 1854 3024 al·-

427 3053 600 3118 bidis;
638 3054 867 3126 pedibus
899 3056 1046 3110 rufis,
1123 3056 1161 3110 f.

122 3253 127 3258 .
217 3198 499 3260 Statura
547 3210 612 3260 et
658 3199 987 3281 proportio
1027 3201 1299 3282 partium
1337 3201 1594 3262 omnino
1635 3200 1845 3263 Ischn.

92 3295 440 3375 thoracici,
495 3322 555 3363 n.
590 3306 745 3372 279,
794 3312 857 3361 et
890 3303 1154 3383 pulicis,
1198 3325 1258 3363 n.
1298 3308 1445 3367 283.
