1934 3690
1673 135 1786 174 XIII

24 285 312 335 accurate
349 269 743 343 examinati8‚
790 269 928 330 solo
960 265 1180 329 habitu
1213 268 1484 351 quodam
1519 270 1789 333 naturali

25 402 285 450 externo
333 395 718 467 congruente
759 384 1109 468 specierum
1146 383 1350 456 ducti,
1405 383 1535 443 illis
1567 405 1790 446 conso-

23 503 191 564 ciare
212 500 566 585 periculum
587 497 844 559 faciunt.
915 498 1110 559 Nullo
1135 498 1322 559 modo
1346 511 1552 560 autem
1581 514 1790 582 partes

24 615 151 677 oris
185 614 442 676 omnino
476 612 754 696 neglexi,
803 613 910 674 sed
945 613 1171 686 omnia,
1219 635 1379 696 quae
1415 614 1492 674 de
1519 614 1606 676 eis
1633 614 1792 676 mihi

24 731 464 802 innotuerunt,
532 727 889 810 speciebuS,
958 728 1023 789 in
1081 728 1308 812 quibus
1365 743 1795 812 perscrutatae

27 856 188 917 sunt,
236 841 554 925 subjunxi.
649 841 932 901 Subsidia
959 843 1231 925 plurima
1257 843 1322 904 in
1345 842 1462 903 hac
1489 865 1575 916 re,
1624 844 1794 927 quod

26 958 233 1019 animo
284 957 395 1041 pio
439 968 503 1018 et
551 955 904 1038 gratissimo
949 957 1318 1040 pronuntiO,
1379 958 1794 1021 amicissimus

25 1074 191 1137 Nees
223 1071 303 1135 ab
338 1069 662 1135 Esenbeck
697 1069 850 1130 mihi
877 1072 1218 1153 praestitit,
1276 1071 1522 1156 quippe
1553 1073 1661 1156 qui
1699 1074 1798 1134 in-

28 1199 371 1248 strumenta
417 1184 651 1246 cibaria
693 1184 759 1244 in
806 1186 1138 1268 permultis
1176 1187 1506 1270 speciebus
1545 1209 1800 1248 accura-

27 1300 270 1362 tissime
304 1298 665 1383 disquisivit
701 1312 764 1360 et
788 1300 1241 1384 descriptiones
1271 1323 1483 1362 earum
1507 1303 1801 1386 plenissi-

28 1437 157 1476 mas
191 1437 437 1475 mecum
474 1415 982 1476 communicavit.
1075 1416 1628 1499 Descriptionibus
1667 1417 1799 1478 illis

28 1529 299 1591 insertae
345 1541 489 1589 sunt
534 1542 739 1590 certae
788 1528 1096 1591 formulae
1134 1532 1486 1592 numerales
1521 1532 1802 1615 longitu-

29 1644 193 1705 dinis
221 1642 518 1707 relativae
545 1643 954 1703 articulorum
993 1644 1328 1728 palporum
1353 1645 1459 1705 hic
1491 1645 1804 1730 interpre-

29 1759 284 1820 tandae:
345 1759 655 1819 Numerus
700 1781 926 1841 nempe
969 1759 1244 1820 anterior
1283 1761 1618 1822 articulum
1660 1762 1802 1823 lon-

31 1874 381 1957 gissimum,
443 1873 700 1933 ultimus
742 1873 1207 1947 brevissimum,
1270 1876 1512 1937 numeri
1564 1876 1801 1936 lineola

33 1989 291 2071 obliqua
335 1986 636 2069 disjuncti
689 1987 988 2047 articulos
1038 1987 1436 2070 longitudine
1489 1991 1801 2072 aequaleS,

33 2101 329 2173 indicant,
372 2123 424 2161 e.
463 2123 518 2184 g.
547 2101 816 2161 formula
863 2131 907 2172 1,
961 2127 1011 2174 4,
1069 2097 1151 2184 ss,
1210 2131 1229 2162 ⁵
1278 2103 1604 2185 significat,
1653 2106 1806 2165 arti-

35 2215 322 2276 culorum
351 2215 622 2297 primum
647 2237 780 2276 esse
806 2213 1257 2297 longissimum,
1285 2231 1574 2300 quartum
1600 2220 1805 2302 primo

32 2329 404 2403 breviorem,
436 2330 775 2390 secundum
801 2342 865 2390 et
887 2329 1144 2390 tertium
1169 2332 1564 2412 longitudine
1581 2355 1808 2416 aequa-

34 2443 129 2504 les
167 2443 274 2503 sed
314 2456 537 2527 quarto
589 2443 937 2517 brevioreS,
999 2444 1288 2528 quintum
1333 2446 1615 2506 omnium
1664 2447 1809 2508 bre-

35 2556 378 2620 vissimum.

167 2670 366 2753 Cujus
406 2670 607 2731 adhuc
635 2672 1018 2734 mentionem
1046 2672 1252 2735 facere
1278 2696 1378 2735 me
1411 2687 1663 2758 oportet
1684 2674 1807 2737 hoc

39 2798 164 2847 est:
211 2787 284 2845 In
319 2798 496 2868 parte
533 2785 733 2869 prima
768 2800 831 2847 et
870 2788 1052 2848 tertia
1078 2788 1287 2871 operis
1316 2789 1392 2847 ad
1414 2790 1641 2850 multas
1669 2812 1809 2873 spe-

40 2899 168 2960 cies
206 2899 395 2960 etiam
432 2899 682 2981 Anglia‚
730 2914 837 2960 aut
875 2903 1106 2985 Netley
1142 2902 1207 2962 in
1241 2903 1489 2985 Anglia,
1538 2903 1809 2964 indicata

42 3025 154 3085 est,
202 3014 667 3097 nonnullaeque
695 3015 934 3098 species
961 3038 1157 3078 novae
1186 3040 1262 3078 ex
1285 3017 1506 3100 Anglia
1531 3018 1810 3101 descrip-

42 3139 144 3187 tae
191 3139 364 3200 sunt‚
422 3149 563 3188 cum
610 3127 676 3188 in
726 3142 904 3212 parte
949 3131 1217 3190 secunda
1269 3132 1553 3214 nuspiam
1588 3132 1809 3214 Anglia

44 3254 443 3302 memoretur.
527 3243 696 3303 Haec
719 3241 1225 3306 inconvenientia
1253 3266 1327 3306 eo
1355 3257 1491 3306 orta
1517 3259 1613 3307 est
1642 3245 1808 3329 quod
