1934 3690
92 142 214 199 124
744 150 1187 192 1c11N1-2UMON

84 290 265 362 Ichn.
298 294 593 375 nigrator
629 288 927 371 Trentep.
967 283 1170 350 Revis.
1210 311 1272 374 p.
1310 296 1422 363 21,
1493 311 1552 351 n.
1593 295 1634 354 9
1667 324 1754 337 —-
1789 288 1862 350 in‘

435 389 600 451 iside
647 393 837 460 1826,
894 410 956 471 p.
1004 394 1105 451 68.

505 573 726 632 Nota:

214 686 471 749 Gmelin
507 686 991 760 Ichneumonem
1038 685 1428 768 biguttatum
1465 682 1859 767 Thunbergii

85 809 410 872 perperam
449 785 725 845 familiae
762 799 1019 868 quartae
1057 785 1406 848 associavit.
1435 822 1518 832 —
1541 784 1721 848 Ichn.
1764 791 1858 847 ni-

52 901 317 970 -grator
351 886 533 947 Man.
574 885 815 968 prodr.,
865 908 922 945 n.
967 891 1128 948 1839
1171 886 1295 948 huc
1333 908 1458 947 non
1493 885 1787 968 pertinet.

213 987 696 1048 Ichneumonem
733 996 1139 1046 narratorem
1181 987 1361 1048 Fabr.
1401 987 1475 1046 ad
1502 986 1691 1068 hujus
1720 1006 1860 1069 spe-

86 1085 208 1146 ciei
247 1108 475 1145 marem
503 1085 744 1171 redegi,
793 1107 826 1145 e
856 1083 1278 1166 descriptione
1315 1085 1622 1148 individui
1648 1085 1857 1149 Musei

84 1185 467 1258 Fabriciani,
527 1207 709 1268 quam
754 1182 1147 1266 Trentepohl
1180 1185 1222 1249 1.
1273 1206 1324 1244 c.
1380 1185 1684 1251 exhibuit.
1785 1187 1861 1245 In

88 1284 432 1368 Systemate
473 1285 862 1347 Piezatorum
904 1282 1227 1343 Fabricius
1264 1285 1650 1366 picturarum
1689 1283 1862 1344 alba-

83 1409 224 1448 rum
269 1386 493 1468 capitis
539 1397 601 1446 et
652 1382 924 1444 thoracis
974 1383 1213 1444 nullam
1265 1383 1419 1443 fecit
1455 1387 1858 1471 mentionem,

81 1487 353 1569 indeque
402 1497 782 1546 narratorem
828 1485 877 1543 F
884 1483 1009 1544 abr.
1061 1497 1241 1545 antea
1278 1484 1352 1543 ad
1393 1507 1600 1545 meum
1645 1488 1862 1548 Meso-

80 1589 319 1669 leptum
344 1598 749 1647 narratorem
774 1583 1204 1657 adhibueram,
1253 1606 1438 1667 quem
1465 1607 1629 1647 nunc
1654 1598 1859 1649 autem

79 1706 197 1771 pro
234 1686 443 1770 specie
487 1707 645 1748 nova
684 1684 907 1746 habeo,

136 1916 287 2069 Χ
585 1964 692 2060 to*-
764 1978 809 2036 1·
820 1976 1367 2069 EASUGATOR

433 2120 758 2175 femoribus
806 2119 1068 2189 tibiisque
1121 2118 1254 2172 rufis
1270 2158 1284 2186 ,
1358 2117 1609 2193 stigmate
1651 2117 1860 2173 alarum

429 2207 675 2259 vinaceo.
747 2225 818 2259 m.
854 2215 908 2258 et
942 2204 983 2259 f.

200 2378 441 2438 Statura
466 2389 529 2438 et
552 2376 881 2459 proportio
901 2374 1171 2459 partium
1198 2374 1645 2437 Ichneamonis
1665 2380 1861 2457 nigri-

81 2484 241 2544 tarii
272 2490 335 2540 et
369 2483 805 2546 comitatoriss
862 2477 968 2537 sed
1001 2475 1330 2536 abdomine
1370 2473 1560 2558 paulo
1602 2473 1856 2547 latiore;

80 2578 266 2639 maris
291 2577 575 2637 antennis
601 2577 790 2658 paulo
817 2574 1237 2646 brevioribus3
1275 2573 1544 2635 feminae
1569 2575 1854 2634 antennis

83 2676 477 2739 tenuioribus
518 2687 581 2735 et
608 2676 798 2757 paulo
838 2674 1254 2756 longioribus,
1304 2672 1651 2733 abdominis
1680 2675 1859 2757 apice

80 2776 403 2837 obtusiore
440 2786 502 2834 et
535 2788 814 2834 ventrem
855 2796 1067 2834 versus
1109 2770 1604 2855 subcompreSSO.

210 2874 578 2955 Longituclo
607 2879 797 2936 4-—7
817 2876 866 2950 ss,
901 2874 1227 2933 linearum.
1302 2877 1517 2956 Caput
1545 2872 1859 2933 interdum

81 2976 301 3038 orbitis
329 2974 657 3034 oculorum
698 2971 1023 3032 facialibus
1060 2971 1519 3034 rufescentibus
1559 2985 1665 3032 aut
1704 2972 1860 3032 alhi-

80 3076 206 3147 dis,
279 3073 592 3134 interdum
639 3084 847 3130 autem
900 3071 1035 3130 solo
1083 3085 1320 3151 puncto
1373 3071 1625 3131 orbitali
1669 3071 1850 3132 albo,

81 3172 512 3238 Mandibulae
531 3171 803 3233 feminae
827 3170 1200 3252 plerumque
1225 3171 1433 3230 medio
1457 3170 1650 3231 rufae.
1719 3173 1855 3232 An-

79 3287 307 3339 tennae
342 3285 648 3346 setaceae,
695 3290 958 3354 corpore
989 3268 1251 3330 dimidio
1288 3270 1479 3354 paulo
1517 3268 1853 3351 longioreS‚
