1934 3690
611 124 773 165 ram.
822 111 873 175 I,
922 123 1108 163 sacr.
1160 126 1196 163 1.
1655 105 1770 171 111

39 261 217 325 Ichn.
256 282 500 346 auspex
536 260 719 321 Mall.
758 258 966 320 Prodr.
1007 282 1062 319 n.
1109 265 1289 324 1792.

38 362 214 424 Ichn.
251 365 604 425 molitorius
636 357 903 419 Schrank
938 359 1122 418 Boica
1155 379 1290 441 pag.
1318 364 1484 421 2072
1519 379 1640 420 var.
1670 360 1772 421 d.?

385 457 714 539 (Conferas
765 477 1101 538 synonyma
1147 457 1336 517 mixta
1383 457 1459 516 ad
1498 471 1771 521 nostrum

382 561 425 619 Ι
423 558 556 620 clm.
594 557 1030 633 molitorium).

402 832 405 836 “
449 810 667 869 Nota:

161 951 252 1011 Ex
287 950 720 1010 observatione
755 948 1189 1031 Trentepohlii
1221 949 1514 1011 articulus
1553 973 1772 1013 secun-

34 1052 145 1111 dus
188 1051 522 1134 palporum
558 1053 944 1109 anteriorum
986 1049 1196 1109 eadem
1243 1062 1336 1110 est
1371 1048 1565 1110 sorma
1600 1073 1669 1111 ac
1705 1051 1771 1111 in

32 1151 209 1212 Ichn.
245 1152 671 1212 laminatorio.

159 1251 249 1308 An
289 1244 634 1329 Geoffroyi
657 1243 1037 1306 Ichneumon
1072 1252 1180 1316 39,
1229 1267 1411 1327 quem
1435 1247 1772 1330 Fourcroy

33 1368 173 1405 cum
201 1346 615 1407 Ichneumone
641 1349 1017 1405 comitatore
1041 1343 1393 1424 conjunxit,
1442 1344 1651 1405 eadem
1690 1346 1772 1406 sit

33 1444 299 1525 species,
345 1443 567 1502 dubius
604 1464 756 1502 sum.
850 1441 899 1499 E
925 1442 1344 1524 descriptione
1369 1457 1771 1505 antennarum

30 1541 160 1602 fere
198 1541 586 1623 longitudine
617 1539 897 1621 corporis
932 1541 1238 1622 suspicor,
1285 1555 1597 1603 auctorem
1635 1544 1771 1604 lau-

30 1640 238 1700 datum
282 1640 600 1721 cujusdam
648 1638 877 1721 speciei
923 1660 1148 1698 marem
1207 1659 1409 1698 coram
1462 1640 1766 1715 habuisse,

30 1760 62 1798 a
108 1750 316 1798 nostro
364 1739 681 1800 Ichneum.
729 1743 1103 1798 comitatore
1148 1735 1516 1811 foeminino,
1563 1741 1769 1824 capite

30 1838 417 1922 pedibusque
442 1839 590 1896 totis
619 1836 827 1917 nigriS,
875 1836 1346 1916 discrepantem.
1438 1838 1551 1897 Sed
1580 1861 1769 1920 quae-

28 1938 212 2007 ritur,
262 1959 487 1995 numne
523 1935 625 1993 hic
665 1934 989 2014 Geoffroyi
1029 1933 1436 2007 Ichneumon,
1484 1936 1636 1997 mihi
1673 1940 1768 1998 in-

28 2035 337 2116 cognituS,
388 2055 564 2092 verus
605 2036 1001 2094 comitatoris
1038 2054 1172 2092 mas
1197 2032 1302 2103 sit,
1341 2056 1510 2106 cum,
1556 2038 1768 2099 colore

29 2132 250 2213 capitis
298 2143 360 2190 et
407 2130 661 2212 pedum,
718 2130 942 2189 melius
988 2131 1062 2190 ad
1106 2130 1281 2191 Ichn.
1331 2138 1767 2196 comitatorem

29 2243 345 2291 auctorum
392 2250 572 2310 supra
619 2228 1022 2309 allegatorum
1082 2231 1365 2312 quadret,
1425 2253 1605 2313 quam
1664 2233 1767 2295 hic

29 2341 266 2397 noster3
327 2349 623 2409 nusquam
682 2328 845 2388 enim
893 2327 1233 2389 orbitarum
1282 2330 1656 2412 pallidarum
1704 2346 1768 2395 et

28 2427 254 2487 coloris
303 2425 636 2505 ferruginei
683 2425 907 2507 pedum
948 2426 1293 2487 anticorum
1338 2430 1574 2490 mentio
1607 2431 1765 2493 facta

27 2539 137 2587 est,
230 2524 428 2584 Etiam
456 2523 832 2584 Ichneumon
855 2527 1122 2607 Degeeri
1150 2528 1195 2598 I,
1233 2549 1292 2609 p.
1318 2530 1459 2601 581,
1508 2531 1630 2592 tab.
1658 2536 1761 2604 24,

26 2624 124 2706 fig.
170 2630 245 2685 10
280 2622 352 2680 ad
388 2620 551 2680 hunc
587 2642 815 2682 marem
850 2637 1128 2705 spectare
1165 2625 1426 2687 videtur.

153 2721 345 2779 Nullo
392 2720 575 2778 modo
621 2731 822 2780 autem
874 2721 993 2781 huc
1039 2723 1256 2785 referri
1295 2737 1555 2807 possunt
1584 2726 1760 2791 Ichn.

30 2824 368 2879 comitator
393 2817 601 2875 Christ
627 2840 685 2899 p.
716 2822 865 2891 354,
913 2821 1034 2881 tab.
1066 2830 1172 2893 36,
1220 2823 1319 2904 fig.
1352 2831 1413 2895 3,
1461 2835 1523 2883 et
1547 2824 1763 2886 Sulzer

29 2915 252 2977 Gesch.
281 2917 401 2974 tab.
431 2923 540 2984 26,
589 2916 685 2997 fig.
723 2923 798 2980 14
826 2919 993 3001 (qui,
1042 2921 1120 2979 ob
1143 2921 1331 3003 pedes
1367 2934 1531 2982 totos
1570 2924 1759 2995 ruf03‚

29 3015 101 3072 ad
146 3027 418 3073 nostrum
463 3013 640 3074 Ichn.
677 3013 1038 3078 bilineatum
1082 3022 1381 3101 spectat),
1431 3043 1541 3080 nec
1580 3023 1758 3082 lehn.

29 3117 368 3171 comitator
394 3111 655 3172 Olivieri
678 3135 736 3195 p.
773 3122 907 3185 177,
955 3140 1011 3176 n.
1044 3122 1124 3178 64
1152 3118 1322 3198 (qui,
1367 3118 1446 3176 ob
1472 3119 1755 3179 aculeum

28 3228 288 3287 corpore
332 3208 703 3288 longiorem,
752 3212 822 3271 ad
860 3215 1284 3276 Mesostenum
1327 3215 1753 3295 gladiatorem
