1934 3690
709 145 969 187 unns
1015 146 1078 186 11.
1639 132 1766 191 707

31 295 240 348 mento
286 288 319 348 1
377 293 554 367 parte
605 279 808 342 antica
861 291 932 341 ut
980 278 1320 363 plurimum
1372 277 1767 362 longitudine

31 383 222 467 paulo
277 381 524 451 latiore,
594 384 634 443 4
681 377 988 439 interdum
1033 377 1164 438 basi
1218 377 1387 449 rus0,
1452 391 1767 440 caeterum

30 480 395 564 germanicis
439 477 903 561 respondentia,
964 477 1149 562 Hope
1201 497 1443 538 mecum
1491 496 1768 540 eommu-

31 577 284 640 nicavit.

566 760 725 842 pag
782 764 1225 825 688-—692.

155 870 680 958 Phygadeuontis
694 871 1057 954 sumatoris
1076 894 1273 933 mares
1300 883 1562 956 septem,
1609 893 1767 956 quo-

28 992 165 1033 rum
211 993 367 1031 unus
416 971 719 1053 genuinus
755 982 876 1041 est,
924 982 1189 1052 quatuor
1222 971 1295 1029 ad
1331 972 1689 1033 varietatem
1722 979 1766 1034 2

27 1070 370 1154 pertinent,
419 1070 543 1131 duo
581 1069 654 1129 ad
693 1068 1050 1130 varietatem
1096 1073 1135 1131 4
1172 1081 1235 1129 et
1268 1070 1334 1140 5,
1392 1069 1575 1152 Hope
1610 1069 1769 1152 legit

27 1169 190 1229 circa
225 1169 476 1252 Netley.
523 1202 610 1214 —·
668 1168 873 1229 Mares
920 1172 1250 1229 varietatis
1283 1175 1324 1230 2
1374 1167 1767 1249 longitudine

30 1279 176 1328 sunt
214 1263 311 1349 1ss
338 1301 422 1310 —
444 1262 547 1345 2³4
584 1263 905 1325 linearum.
996 1266 1165 1324 Unus
1199 1285 1443 1338 eorum,
1490 1266 1766 1349 longitu-

27 1364 191 1425 dinis
226 1363 491 1435 mediae,
539 1383 571 1421 a
604 1362 867 1445 reliquis
901 1362 1113 1423 differt
1139 1364 1307 1422 coxis
1334 1365 1591 1446 posticis
1617 1365 1763 1426 rufis

26 1463 158 1524 basi
183 1463 380 1544 nigra,
407 1461 734 1543 segmentis
760 1467 947 1524 2-4
971 1462 1144 1532 rusiS,
1174 1462 1569 1545 mediumque
1590 1475 1766 1524 tenet

26 1562 191 1623 inter
215 1560 371 1619 hanc
397 1560 666 1641 speciem
693 1572 755 1619 et
770 1559 1328 1643 Phygacleuontetn
1346 1561 1766 1635 dumetorum,

27 1683 87 1719 n.
122 1665 258 1721 168.
322 1657 624 1718 Omnibus
648 1669 851 1717 autem
877 1657 1108 1718 femora
1133 1659 1368 1741 postica
1401 1660 1568 1741 nigra
1593 1674 1760 1733 sunt,

25 1756 158 1819 basi
196 1778 428 1816 summa
465 1756 620 1817 rufa.
678 1791 765 1803 --
828 1757 928 1816 De
976 1763 1282 1818 varietate
1330 1761 1368 1819 4
1417 1759 1761 1840 quaeritur,

26 1879 173 1917 num
199 1855 402 1939 Phyg.
429 1853 712 1927 subtiliS,
748 1876 805 1913 n.
841 1861 986 1926 183,
1023 1877 1161 1914 cum
1189 1877 1257 1916 ea
1282 1854 1628 1938 jungendus
1653 1858 1760 1929 sit,

27 1967 259 2017 statura
285 1953 450 2014 enim
486 1963 550 2015 et
581 1952 907 2037 proportio
946 1954 1212 2037 partium
1251 1954 1497 2038 utrique
1533 1955 1763 2041 speciei

26 2052 277 2115 eaedem
311 2062 473 2112 sunt.

700 2235 865 2317 Pag.
917 2241 1082 2300 698.

151 2348 251 2407 De
291 2343 790 2430 Phygacleuonte
833 2354 1238 2411 teneriventre
1291 2347 1490 2410 adhuc
1538 2348 1761 2411 dubius

28 2468 161 2508 sum
179 2493 193 2517 ‚
242 2467 469 2505 numne
496 2444 702 2505 forsan
730 2467 867 2505 cum
896 2448 1250 2531 Mesolepto
1276 2451 1592 2528 laevigato
1617 2469 1733 2508 con

25 2543 201 2626 jungi
241 2544 522 2615 deberet,
571 2545 804 2626 quippe
839 2545 945 2626 qui
983 2566 1106 2605 non
1143 2545 1259 2605 nisi
1299 2548 1502 2606 areola
1529 2547 1765 2606 incom-

25 2645 196 2725 pleta
240 2655 305 2704 et
347 2642 588 2727 petiolo
634 2644 960 2726 paululum
1008 2644 1293 2726 longiore
1339 2656 1403 2705 et
1437 2645 1765 2727 graciliore

25 2740 257 2803 differt.

700 2926 866 3009 pag
920 2932 1085 2989 70&

150 3037 322 3096 Inter
357 3034 898 3118 Phygadeuontes,
946 3058 1099 3120 quos
1131 3034 1313 3119 Hope
1344 3035 1505 3095 circa
1535 3036 1769 3122 Netley

29 3133 213 3215 legit,
240 3134 362 3193 duo
386 3147 528 3193 sunt
549 3134 865 3195 individua
893 3134 1185 3195 feminina
1202 3138 1500 3196 varietati
1517 3142 1543 3196 1
1566 3136 1766 3219 Playg.

31 3230 358 3295 variabilis
380 3231 816 3316 respondentia
832 3262 851 3309 ε,
890 3235 1093 3295 Unum
1117 3245 1213 3294 est
1236 3233 1629 3314 longitudine
1659 3241 1687 3299 1
1708 3234 1756 3316 ³l4

1203 3330 1329 3394 45*
