1934 3690
652 126 880 167 RAT1o
928 126 1163 167 wne,
1703 112 1785 174 95

37 256 343 337 sedentia,
390 283 619 324 numne
660 262 938 324 viderem
990 286 1067 325 an
1111 257 1533 348 et'quomodo
1579 287 1785 326 escam

36 377 375 436 sumerent,
424 362 513 423 nil
548 374 756 423 autem
789 363 917 422 vidi
966 363 1083 423 nisi
1122 364 1289 447 quod
1336 363 1489 424 haec
1525 365 1783 424 animal-

34 467 202 537 cula,
252 462 614 523 assiduitate
662 462 923 542 quadam
973 476 1033 523 et
1077 455 1422 546 cupiditate
1465 463 1780 545 singulari,

30 565 248 646 pollen
274 584 381 622 ore
405 572 893 643 perscrutarent3
942 563 1225 644 suspicor
1248 575 1470 633 tamen,
1499 561 1618 621 hoc
1642 562 1784 644 pol-

29 662 152 733 len,
201 676 307 722 aut
338 660 547 744 potius
577 672 789 719 nectar
830 661 1069 732 florum,
1098 661 1186 721 eis
1215 662 1593 722 nutrimento
1622 684 1775 722 esse.

29 760 351 820 Fabricius
375 779 652 840 quoque,
702 759 799 837 (in
824 760 1174 820 Generibus
1205 763 1427 821 Insect.
1456 781 1591 842 pag.
1626 762 1779 839 114)

29 860 199 930 dicit,
236 858 533 939 imagines
560 856 1051 918 Ichneumonum
1081 859 1314 919 victum
1336 882 1370 920 e
1394 872 1643 920 nectare
1667 860 1781 919 flo-

29 980 166 1018 rum
189 957 456 1018 haurire.
547 956 880 1039 Nunquam
907 957 1358 1019 Ichneumones
1394 959 1512 1018 alia
1545 959 1780 1018 insecta

27 1071 135 1118 aut:
172 1057 372 1118 larvas
409 1069 515 1116 aut
550 1078 798 1117 araneas
835 1070 952 1117 etc.
991 1058 1287 1118 devorare
1325 1071 1431 1117 aut
1468 1058 1778 1140 persequi,

26 1156 254 1216 nedum
299 1178 398 1217 eas
443 1156 700 1238 agitare,
747 1155 906 1226 vidi,
957 1155 1063 1215 sed
1101 1156 1310 1239 potius
1358 1178 1601 1240 semper
1638 1179 1780 1218 cum

26 1256 165 1316 aliis
214 1255 495 1327 insectiS,
544 1254 708 1314 haud
756 1275 891 1314 raro
937 1255 1157 1336 viginti
1196 1268 1259 1316 et
1307 1256 1518 1336 plures
1555 1258 1619 1317 in
1658 1279 1780 1317 una

26 1355 365 1437 eademque
392 1354 693 1425 umbella,
742 1353 1060 1414 socialiter
1090 1367 1152 1415 et
1174 1355 1566 1437 pacatissime
1591 1355 1780 1415 coha-

23 1453 252 1523 bitare3
298 1453 451 1512 mihi
493 1453 708 1535 itaque
744 1475 1106 1535 persuasum
1143 1466 1264 1524 est,
1314 1475 1526 1514 omnes
1562 1469 1778 1515 aucto-

23 1575 148 1624 reS‚
198 1552 303 1634 qui
343 1565 616 1623 narrant,
667 1574 730 1612 se
758 1552 1210 1612 Ichneumones
1251 1554 1370 1612 alia
1409 1554 1639 1614 insecta
1670 1556 1778 1616 de-

22 1673 238 1713 vorare
297 1652 551 1722 vidisse,
611 1650 775 1710 haud
834 1649 1286 1711 Ichneumones
1348 1654 1452 1713 sed
1502 1653 1775 1736 Spheges

22 1765 164 1812 ante
188 1751 404 1810 oculos
433 1750 741 1810 habuisse.
836 1750 1165 1831 Nunquam
1194 1752 1377 1811 etiam
1404 1752 1777 1813 Ichneumo-

21 1874 161 1912 nem
185 1851 467 1910 mordere
496 1850 652 1918 vidi,
701 1849 749 1908 si
780 1871 926 1908 vero
955 1849 1220 1911 feminae
1249 1852 1479 1933 speciei
1507 1853 1774 1932 alicujus

20 1951 231 2032 digitis
290 1948 789 2031 prehenduntur,
862 1949 1065 2007 statim
1127 1950 1431 2010 abdomen
1485 1952 1775 2012 deorsum

19 2061 305 2118 curvant,
355 2048 665 2128 simulque
700 2048 942 2107 terebra
979 2070 1011 2107 e
1051 2049 1287 2130 vaginis
1325 2071 1387 2109 se
1428 2055 1657 2111 exserit
1693 2066 1772 2124 et,

19 2147 540 2208 commotionibus
573 2147 1043 2206 vehementibus
1083 2160 1145 2206 et
1181 2149 1537 2209 acceleratis
1563 2172 1772 2210 versus

18 2249 281 2329 digitum
333 2246 596 2316 directa,
654 2267 930 2329 pungere
986 2246 1286 2317 minatur,
1345 2248 1512 2329 quod
1565 2261 1775 2310 tamen

15 2366 269 2430 perraro
307 2344 617 2404 successit.
712 2347 870 2405 Cum
898 2366 1042 2406 vero
1078 2346 1323 2406 terebra
1348 2359 1555 2407 cutem
1582 2370 1774 2430 pene-

15 2457 163 2516 trat,
223 2445 403 2504 dolor
447 2444 777 2516 excitatuS,
842 2457 908 2504 ut
961 2445 1346 2526 experientia
1404 2470 1504 2507 me
1562 2448 1770 2531 ipsum

15 2543 254 2615 docuit,
304 2554 518 2602 acutus
560 2543 806 2625 quidem
835 2556 953 2615 est,
1004 2545 1110 2606 sed
1134 2558 1633 2615 momentaneu53
1680 2549 1774 2608 in-

14 2643 214 2724 deque
270 2663 630 2725 persuasum
684 2665 782 2703 me
836 2642 1065 2716 habeo,
1140 2645 1385 2705 nullum
1444 2646 1770 2708 humorem

14 2762 214 2801 acrem
262 2762 373 2822 per
422 2742 727 2801 terebram
770 2741 832 2801 in
878 2743 1102 2803 vulnus
1154 2745 1412 2805 effundi.
1507 2748 1566 2806 Si
1617 2747 1770 2808 haec

14 2838 244 2900 insecta
271 2841 468 2899 larvas
507 2840 878 2923 investigant
915 2855 1102 2925 atque
1128 2844 1598 2926 aggrediuntur,
1646 2845 1768 2906 hoc

11 2938 83 2997 fit
126 2959 250 2998 non
300 2960 473 2998 escae
518 2960 723 3011 causa,
783 2941 889 3001 sed
941 2942 1016 3001 ad
1057 2966 1173 3004 ονα
1222 2944 1309 3004 eis
1370 2944 1761 3027 imponenda.

9 3038 175 3096 Vero
212 3036 398 3095 etiam
436 3037 499 3095 in
527 3038 826 3122 nymphas
864 3040 1242 3102 insectorum
1283 3056 1347 3104 et
1382 3044 1446 3103 in
1479 3063 1593 3102 ova
1633 3065 1767 3103 ara-

9 3154 290 3204 nearum,
339 3157 447 3194 seu
495 3135 700 3197 forsan
735 3139 799 3198 in
835 3141 1104 3201 coactile
1145 3142 1404 3202 densum
1441 3142 1764 3214 sericeum,

10 3251 134 3311 quo
173 3233 470 3313 quaedam
507 3256 761 3297 araneae
796 3259 910 3297 ova
954 3262 1060 3299 sua
1099 3240 1446 3310 obducunt,
1496 3241 1762 3300 Ichneu-
