1997 3680
158 99 282 157 420
693 99 697 102 ’
815 111 1253 152 ιοιιΝΕιιιιιοΝ

152 248 333 312 Ichn.
358 247 730 328 Geoffroip.
757 248 899 318 347,
945 269 1001 307 n.
1029 247 1130 310 59.

155 349 329 411 lehn.
369 366 758 430 compressus
798 344 847 402 F
853 364 1122 425 ourcroy
1166 364 1228 425 p.
1266 347 1421 416 414,
1480 367 1539 407 n.
1583 351 1664 409 60
1711 345 1911 427 (haud

498 443 969 505 confundendus
1020 463 1159 502 cum
1196 442 1461 505 Bancho
1498 448 1908 529 compresso).

148 547 326 611 Ichn.
361 547 758 626 elegantulus
791 539 1064 602 Schiank
1100 543 1301 604 Austr.
1353 566 1412 602 ιι.
1452 549 1577 606 727
1614 546 1909 628 (excepta

495 643 794 706 varietate
823 639 1091 701 scutelle
1117 639 1347 722 nigro?
1374 640 1451 701 de
1477 662 1598 722 qua
1624 642 1909 706 conferre

494 743 652 806 velis
685 754 896 802 notam
929 738 1005 798 ad
1041 737 1198 799 hanc
1235 739 1563 821 speciem).

142 844 322 908 Ickn.
357 856 629 906 auratus
662 840 870 901 Gmel.
913 838 1007 900 ed.
1048 837 1228 898 Linn.
1268 860 1405 921 pag.
1442 842 1641 911 2684,
1689 862 1747 899 ιι.
1776 847 1904 904 238

493 940 694 1021 (haud
744 937 1214 1000 confundendus
1258 959 1400 998 cum
1446 938 1626 1001 Ichn.
1666 951 1904 1001 aurato

490 1037 739 1099 Thunb.
768 1036 1088 1097 Ichneum.
1127 1059 1185 1096 n.
1216 1042 1368 1110 490,
1416 1036 1526 1122 qui
1561 1049 1656 1100 est
1687 1038 1904 1121 Joppa

488 1149 730 1199 aurata
763 1136 814 1194 F
819 1135 1005 1217 abu).

818 1315 1208 1378 Feminae:

134 1438 309 1501 Ichn.
347 1436 746 1519 culpatorius
781 1429 962 1493 Linn.
1002 1432 1197 1494 Faun.
1237 1454 1295 1491 n.
1331 1431 1514 1495 1583.

215 1584 251 1611 „
340 1535 551 1596 Fuesl.
581 1531 761 1594 Helv.
804 1553 862 1614 p.
896 1535 1007 1604 48,
1053 1554 1112 1590 n.
1145 1538 1299 1602 9393
1346 1529 1413 1590 in
1447 1527 1707 1590 floribus
1730 1527 1900 1591 haud

478 1654 650 1693 rarus
686 1631 801 1712 (P).

131 1735 307 1798 Ichn.
347 1731 656 1812 Geoffroy
692 1752 753 1812 p.
797 1734 950 1802 344,
1000 1753 1058 1789 ιι.
1100 1730 1209 1799 52,
1258 1726 1521 1790 varietas
1560 1729 1895 1809 segmentis

480 1829 720 1892 ultimis
778 1829 930 1902 totis
988 1827 1200 1910 nigris.
1303 1826 1618 1907 (Varietas
1677 1828 1893 1900 altera,

479 1927 812 2012 segmentis
851 1927 1089 1988 ultimis
1132 1927 1373 2001 macula
1419 1928 1604 1999 flava,
1651 1927 1894 2010 species

479 2043 574 2092 est
607 2029 906 2110 diversa).

127 2130 304 2193 Ichn.
340 2152 550 2207 vorax
587 2130 911 2210 Fourcroy
946 2149 1009 2210 p.
1040 2130 1194 2199 411,
1243 2148 1301 2186 ιι.
1332 2126 1434 2189 53.

125 2230 303 2292 Ichn.
339 2234 770 2292 croceatorius
805 2226 1051 2298 Olivier
1090 2247 1150 2308 p.
1185 2231 1333 2297 168,
1381 2247 1440 2285 n.
1465 2231 1579 2296 23,
1625 2223 1891 2287 varietas

476 2328 807 2409 segmentis
847 2331 1040 2390 4-7
1073 2323 1225 2384 totis
1278 2322 1500 2406 nigris,
1547 2321 1788 2385 habitat
1823 2324 1892 2387 in

473 2427 701 2486 Gallia.
795 2425 1111 2506 (Varietas
1140 2423 1365 2495 altera,
1412 2421 1714 2505 segmenti
1751 2445 1891 2507 sep-

471 2523 609 2583 timi
654 2525 928 2607 margine
973 2523 1146 2596 albo,
1194 2523 1403 2583 forsan
1450 2522 1528 2581 ad
1561 2521 1884 2586 Ichneum.

469 2626 906 2702 confusorium
950 2636 1057 2684 aut
1103 2627 1618 2686 terminatorium
1662 2624 1884 2688 referri

470 2725 735 2804 posset).

120 2821 298 2885 Ichn.
336 2828 736 2883 crocatorius
769 2823 1186 2884 Walckenaer
1219 2844 1280 2906 p.
1316 2824 1424 2895 52,
1472 2844 1532 2883 ιι.
1566 2828 1664 2887 17.

535 3005 759 3065 Nota:

243 3117 406 3180 Nees
431 3117 512 3181 ab
535 3117 854 3181 Esenbeck
892 3138 959 3177 os
997 3116 1181 3176 maris
1211 3116 1400 3200 hujus
1439 3116 1675 3202 speciei
1699 3139 1881 3180 accu-

115 3216 311 3280 ratius
334 3218 708 3282 examinavit
731 3232 822 3292 et,
870 3216 938 3279 in
969 3215 1171 3280 literis
1206 3217 1284 3278 ad
1318 3239 1420 3281 me
1445 3216 1731 3290 directiS,
1777 3215 1878 3278 his
