1934 3690
137 161 222 220 96
563 174 567 177 ·
755 174 984 214 RArto
1028 176 1263 216 VITAE.

137 310 419 373 monides
446 309 750 382 nonnulli,
785 331 841 372 v.
874 331 926 369 c.
953 309 1194 395 Pimpla
1220 313 1565 374 oculatoria
1591 327 1656 376 et
1673 316 1889 378 Hemi-

135 414 294 474 teles
320 412 631 495 palpator,
680 431 793 471 ova
818 423 1086 492 ponunt;
1133 413 1339 476 larvae
1365 414 1653 476 exclusae
1681 429 1887 478 autem

139 514 541 574 substantiam
579 511 882 568 internam
922 530 1181 572 ovorum
1232 535 1488 573 araneae
1532 515 1886 588 comedunt,

138 613 284 673 etin
325 613 460 693 ipso
500 629 756 667 araneae
792 607 938 668 nido
975 609 1039 669 in
1080 612 1381 695 nymphas
1413 624 1477 672 et
1514 612 1748 672 insecta
1782 613 1888 674 de-

135 714 365 774 clarata
399 720 873 768 commutantur.
966 710 1139 771 Aliae
1179 713 1446 794 specieS,
1497 735 1550 771 v.
1583 733 1633 771 c.
1674 712 1888 771 Hemi-

133 812 290 872 teles
318 822 586 880 areator,
634 808 850 867 domos
888 807 1120 869 intrant
1153 824 1242 884 et,
1292 812 1503 872 eadem
1536 810 1886 872 intentione

133 923 204 970 ut
247 909 553 990 reliquae,
600 907 798 968 larvas
847 908 1274 969 Dermestium
1312 910 1771 971 Anthrenorum
1823 923 1888 972 et

133 1006 468 1071 Tinearum
508 1007 900 1089 investigant.
995 1010 1289 1071 Feminae
1336 1011 1555 1070 aculeo
1579 1010 1751 1071 brevi
1791 1010 1889 1070 in-

132 1123 428 1180 structae,
478 1107 550 1166 ad
577 1128 691 1167 ova
718 1107 1110 1189 deponenda,
1159 1110 1359 1170 larvas
1391 1123 1696 1191 quaerunt
1723 1109 1887 1170 haud

133 1209 537 1279 absconditaS,
569 1207 675 1267 sed
700 1207 898 1267 libere
927 1207 991 1292 in
1016 1207 1185 1267 soliis
1211 1220 1328 1268 etc.
1358 1209 1681 1290 degentes·,
1727 1230 1886 1291 quae

131 1324 338 1371 autem
382 1309 666 1367 aculeum
712 1292 968 1387 longum
1016 1320 1121 1366 aut
1168 1305 1601 1388 longissimum
1643 1319 1884 1389 gerunt,

127 1412 325 1472 larvas
373 1406 750 1488 investigant
797 1408 1049 1467 occulte
1094 1407 1373 1467 viventes
1420 1406 1483 1466 in
1519 1407 1723 1489 ligno,
1773 1407 1884 1467 sub

129 1511 390 1579 cortice,
434 1507 499 1566 in
548 1506 758 1588 gallis,
808 1504 872 1564 in
911 1506 1070 1565 nidis
1111 1519 1226 1578 etc.
1318 1507 1448 1566 Hae
1493 1506 1786 1578 feminae,
1834 1505 1886 1566 si

129 1611 404 1671 canalem
451 1619 556 1666 aut
599 1606 845 1676 rimam,
908 1605 1156 1667 aliudve
1215 1628 1461 1679 cavum,
1523 1606 1629 1666 ubi
1679 1607 1887 1667 larvae

129 1707 528 1770 absconditae
551 1728 684 1766 esse
711 1717 991 1787 possent,
1041 1704 1440 1778 invenerunt,
1489 1706 1751 1788 pedibus
1778 1729 1888 1766 an-

124 1808 459 1871 terioribus
528 1827 712 1887 supra
782 1804 1061 1863 foramen
1120 1826 1183 1865 se
1243 1806 1587 1878 collocant,
1656 1826 1884 1887 corpus

128 1931 313 1992 quam
348 1907 473 1966 alte
507 1905 781 1976 elevant,
830 1905 1135 1964 abdomen
1161 1903 1364 1986 ipsum
1389 1917 1593 1964 autem
1619 1906 1886 1965 vertica-

125 2011 274 2072 liter
297 2007 560 2088 erigunt,
607 2016 742 2063 tum
767 2004 1074 2063 terebram
1100 2003 1212 2063 sub
1237 2016 1514 2064 ventrem
1542 2004 1886 2064 deflectunt

126 2108 277 2171 etin
299 2107 578 2166 foramen
602 2104 915 2175 inserunt3
963 2116 1069 2162 aut
1093 2104 1284 2185 gallas
1313 2115 1376 2163 et
1401 2102 1577 2162 nidos
1618 2103 1884 2163 aliorum

125 2208 505 2268 insectorum
531 2202 773 2265 terebra
810 2203 1156 2286 perforant,
1205 2215 1274 2262 ut
1309 2202 1486 2285 apice
1522 2201 1723 2262 aculei
1762 2203 1885 2262 lar-

127 2292 233 2370 vas
282 2304 673 2366 absconditas
716 2304 1050 2385 attingant,
1100 2303 1325 2386 quibus
1361 2301 1585 2363 deinde
1621 2322 1736 2363 ova
1775 2325 1884 2363 sua

126 2407 473 2468 inmittunt.
565 2405 732 2463 Haec
768 2425 1012 2486 semper
1055 2415 1148 2462 sat
1190 2401 1499 2484 profunde
1545 2401 1611 2461 in
1656 2422 1884 2485 corpus

124 2508 332 2567 larvae
357 2515 704 2588 ponuntur,
754 2525 831 2564 ne
857 2502 1088 2574 forsan,
1136 2502 1305 2563 larva
1332 2515 1474 2562 cute
1505 2523 1568 2562 se
1593 2514 1880 2575 exuente,

126 2629 268 2667 cum
305 2617 450 2664 cute
481 2603 835 2685 perdantur.
929 2601 1259 2685 Progenies
1287 2599 1756 2673 Ichneumoni-S,
1805 2623 1881 2662 ex

124 2706 257 2767 ovis
286 2705 563 2772 exclusa,
612 2714 681 2762 ut
706 2700 1045 2784 plurimum
1081 2702 1323 2761 interna
1357 2699 1563 2761 larvae
1600 2700 1764 2784 petit
1798 2713 1878 2773 et,

125 2805 441 2865 interanea
481 2801 645 2882 ejuS,
695 2823 810 2860 nec
841 2823 989 2862 vero
1031 2802 1270 2861 viscera
1304 2799 1463 2882 ipsa,
1504 2800 1612 2861 sed
1653 2821 1878 2883 corpus

123 2903 475 2984 adiposum‚
535 2900 892 2972 comedenS,
961 2901 1025 2960 in
1081 2903 1249 2961 larva
1306 2922 1446 2961 cum
1504 2900 1671 2961 larva
1727 2899 1887 2982 ipsa,

126 3025 371 3086 semper
412 3000 590 3061 avide
643 2998 897 3070 edente,
956 3023 1148 3082 usque
1206 3001 1480 3061 nutritur
1526 3014 1589 3061 et
1633 3000 1876 3073 crescit,

125 3102 269 3162 dum
295 3102 503 3160 adulta
528 3100 599 3159 ad
624 3098 1032 3159 mutationem
1063 3122 1125 3160 se
1153 3114 1345 3181 paret,
1394 3122 1513 3183 qua
1540 3100 1660 3160 fine
1688 3100 1787 3160 Vel
1814 3099 1879 3159 in

124 3221 387 3283 corpore
428 3199 633 3258 larvae
677 3197 872 3280 ipsius
918 3198 980 3258 in
1028 3212 1252 3258 statum
1293 3199 1600 3282 nymphae
1635 3199 1874 3271 transit,

122 3301 253 3374 vel,
300 3311 630 3382 postquam
665 3319 779 3381 per
811 3299 1128 3359 musculos
1168 3311 1230 3360 et
1262 3312 1469 3361 cutem
1516 3301 1723 3362 larvae
1774 3319 1877 3361 ro-
