1934 3690
616 126 780 169 ΒΑΜ.
829 114 887 181 Ι,
933 129 1123 171 sssorr.
1150 131 1262 187 ΠΙ.
1701 120 1821 201 163

65 263 304 336 brunn3
345 263 604 338 tertium
645 263 774 337 vidi
820 264 887 340 in
931 288 1146 341 museo
1192 271 1461 347 domitis
1505 267 1590 341 de
1617 268 1821 352 Hoff-

67 386 435 448 mannsegg,
488 364 691 448 idque
744 364 1089 430 abdominis
1149 369 1328 451 apice
1359 370 1821 439 subcoerules-

66 460 276 537 c⁴ente3
322 465 624 549 quaedam
662 465 785 526 alia
822 465 1007 551 Hope
1041 468 1212 553 cepit
1244 469 1409 532 circa
1446 470 1698 557 Netley.

608 747 616 755 .
712 693 1171 776 synonyma:

808 834 1076 896 Maris:

65 945 245 1008 Ichn.
279 944 676 1010 subsericam
711 948 1023 1011 Gravenh.
1061 951 1416 1015 Pedemont.
1454 976 1512 1013 n.
1545 960 1605 1018 9.

63 1046 597 1128 Ichn.fossorius
638 1047 818 1111 Linn.
872 1050 1084 1110 Fauna
1139 1075 1196 1113 n.
1254 1055 1414 1118 1599
1468 1054 1626 1136 Syst.
1677 1054 1819 1128 XII,

415 1170 475 1230 p.
517 1156 667 1221 933,
716 1173 774 1209 n.
813 1157 924 1222 22;
972 1149 1262 1233 frequens
1297 1154 1362 1213 in
1395 1153 1647 1238 campis,

148 1291 186 1321 „
275 1246 516 1308 Fuessl.
566 1249 744 1310 Helv.
799 1271 935 1332 pag.
984 1255 1092 1322 49,
1140 1275 1198 1312 n.
1246 1258 1398 1326 948;
1456 1254 1522 1325 in
1563 1254 1820 1317 floribus

414 1346 580 1408 haud
624 1371 781 1410 raro.

149 1491 186 1518 ‚,
275 1444 511 1507 Villers
547 1469 684 1530 pag.
721 1452 870 1520 148,
919 1472 974 1508 n.
1009 1454 1121 1520 41;
1167 1449 1399 1532 passim
1437 1474 1636 1538 prope
1660 1455 1826 1538 Lug..

420 1546 675 1607 dunum.

151 1691 188 1719 ‚‚
279 1644 488 1705 Gmel.
517 1644 611 1704 ed.
642 1644 821 1707 Linn.
862 1668 923 1731 p.
951 1653 1149 1720 2682,
1199 1670 1257 1708 n.
1285 1656 1387 1712 22.

148 1790 186 1819 ,,
276 1742 516 1816 Christ,
562 1764 623 1827 p.
655 1748 797 1808 344.

151 1891 189 1919 „
280 1843 553 1916 Olivier,
600 1865 662 1927 p.
696 1848 840 1915 174,
891 1868 948 1905 n.
981 1847 1085 1909 52.

148 1989 187 2019 ,,
276 1943 525 2004 Thunb.
559 1942 734 2004 Ichn.
765 1946 908 2006 580.

755 2126 806 2184 F
821 2148 853 2186 e
870 2126 1013 2187 min
1028 2149 1060 2186 a
1078 2149 1143 2187 e:

67 2240 245 2305 Ichn.
282 2239 682 2326 pedestrinus
716 2239 1031 2302 Gravenh.
1071 2240 1428 2307 Pedemont.
1466 2270 1522 2309 n.
1549 2249 1652 2311 25.

487 2438 717 2499 Nota:

197 2551 398 2612 Erunt
439 2551 547 2634 qui
593 2573 692 2612 me
746 2550 1233 2633 reprehendent,
1291 2556 1460 2638 quod
1513 2557 1825 2634 feminam,

63 2651 244 2734 apice
267 2651 611 2719 abdominis
641 2650 1090 2726 albonotatam,
1137 2676 1279 2714 cum
1314 2678 1482 2717 mare
1508 2659 1828 2741 conjunxi,

68 2750 172 2810 cui
225 2750 531 2811 abdomen
585 2764 790 2811 totum
836 2750 1078 2833 nigrum
1125 2767 1237 2815 est.
1328 2757 1616 2826 Attamen
1663 2756 1830 2817 haud

69 2872 170 2914 me
203 2849 506 2911 fefellisse
542 2871 788 2921 vereor,
836 2871 976 2910 cum
1014 2854 1315 2933 segmenti
1355 2855 1604 2939 septimi
1632 2878 1831 2939 punc-

69 2960 205 3008 tum
251 2950 462 3010 album
510 2971 826 3032 nunquam
863 2971 1058 3032 aeque
1094 2952 1460 3016 distinctum
1505 2968 1569 3017 et
1604 2978 1831 3039 purum

75 3046 184 3118 sit,
245 3070 314 3107 ac
367 3050 431 3108 in
476 3046 1000 3110 Ichneumonibus
1048 3052 1344 3113 sectionis
1393 3068 1674 3136 quartae,
1724 3055 1831 3116 sed

72 3144 477 3214 obliteratum
527 3159 590 3207 et
638 3148 951 3211 interdum
997 3149 1127 3211 fere
1174 3152 1424 3234 penitus
1461 3155 1831 3233 obsoletum,

70 3242 158 3303 ita
196 3259 265 3307 ut
305 3268 473 3317 mere
519 3247 940 3313 adventicium
985 3271 1119 3312 esse
1151 3250 1453 3314 videatur.

1262 3350 1387 3413 11·κ
