<?xml version="1.0" encoding="UTF-8"?>
<!DOCTYPE html PUBLIC "-//W3C//DTD XHTML 1.0 Transitional//EN"
    "http://www.w3.org/TR/xhtml1/DTD/xhtml1-transitional.dtd">
<html xmlns="http://www.w3.org/1999/xhtml" xml:lang="en" lang="en">
 <head>
  <title>
</title>
<meta http-equiv="Content-Type" content="text/html;charset=utf-8" />
  <meta name='ocr-system' content='tesseract 3.04.00' />
  <meta name='ocr-capabilities' content='ocr_page ocr_carea ocr_par ocr_line ocrx_word'/>
</head>
<body>
  <div class='ocr_page' id='page_1' title='image "./ichneumonologiae01grav/ichneumonologiae01grav_0054.png"; bbox 0 0 2007 3623; ppageno 0'>
   <div class='ocr_carea' id='block_1_1' title="bbox 215 169 1487 229">
    <p class='ocr_par' dir='ltr' id='par_1_1' title="bbox 215 169 1487 229">
     <span class='ocr_line' id='line_1_1' title="bbox 215 169 1487 229; baseline -0.002 -1"><span class='ocrx_word' id='word_1_1' title='bbox 215 169 294 229; x_wconf 84' lang='lat'>14</span> <span class='ocrx_word' id='word_1_2' title='bbox 702 182 1058 225; x_wconf 76' lang='lat' dir='ltr'>H1sToa1A</span> <span class='ocrx_word' id='word_1_3' title='bbox 1103 183 1487 225; x_wconf 81' lang='lat' dir='ltr'><strong>CULTURAE</strong></span> 
     </span>
    </p>
   </div>
   <div class='ocr_carea' id='block_1_2' title="bbox 102 318 1998 3384">
    <p class='ocr_par' dir='ltr' id='par_1_2' title="bbox 102 318 1998 3384">
     <span class='ocr_line' id='line_1_2' title="bbox 208 318 1980 404; baseline 0.001 -22"><span class='ocrx_word' id='word_1_4' title='bbox 208 321 417 382; x_wconf 86' lang='lat' dir='ltr'>addita</span> <span class='ocrx_word' id='word_1_5' title='bbox 454 332 663 382; x_wconf 87' lang='lat' dir='ltr'>tamen</span> <span class='ocrx_word' id='word_1_6' title='bbox 698 319 1128 393; x_wconf 81' lang='lat' dir='ltr'>adnotatione,</span> <span class='ocrx_word' id='word_1_7' title='bbox 1174 320 1284 381; x_wconf 89' lang='lat' dir='ltr'>has</span> <span class='ocrx_word' id='word_1_8' title='bbox 1313 321 1462 382; x_wconf 87' lang='lat' dir='ltr'>duas</span> <span class='ocrx_word' id='word_1_9' title='bbox 1492 318 1731 404; x_wconf 85' lang='lat' dir='ltr'>species</span> <span class='ocrx_word' id='word_1_10' title='bbox 1767 319 1980 383; x_wconf 82' lang='lat' dir='ltr'><strong>forsan</strong></span> 
     </span>
     <span class='ocr_line' id='line_1_3' title="bbox 208 419 1980 507; baseline 0.001 -25"><span class='ocrx_word' id='word_1_11' title='bbox 208 423 284 482; x_wconf 88' lang='lat' dir='ltr'>ad</span> <span class='ocrx_word' id='word_1_12' title='bbox 317 421 770 482; x_wconf 91' lang='lat' dir='ltr'>Ichneumones</span> <span class='ocrx_word' id='word_1_13' title='bbox 797 419 1149 482; x_wconf 84' lang='lat' dir='ltr'>referendas</span> <span class='ocrx_word' id='word_1_14' title='bbox 1187 442 1339 482; x_wconf 90' lang='lat' dir='ltr'>esse.</span> <span class='ocrx_word' id='word_1_15' title='bbox 1369 457 1455 466; x_wconf 89' lang='lat'><strong>—</strong></span> <span class='ocrx_word' id='word_1_16' title='bbox 1478 423 1980 507; x_wconf 72' lang='lat' dir='ltr'>Razoumovsky,</span> 
     </span>
     <span class='ocr_line' id='line_1_4' title="bbox 208 519 1978 602; baseline 0 -20"><span class='ocrx_word' id='word_1_17' title='bbox 208 522 275 582; x_wconf 90' lang='lat' dir='ltr'>in</span> <span class='ocrx_word' id='word_1_18' title='bbox 320 521 583 582; x_wconf 89' lang='lat' dir='ltr'>historia</span> <span class='ocrx_word' id='word_1_19' title='bbox 637 521 903 581; x_wconf 88' lang='lat' dir='ltr'>naturali</span> <span class='ocrx_word' id='word_1_20' title='bbox 953 519 1183 579; x_wconf 88' lang='lat' dir='ltr'>montis</span> <span class='ocrx_word' id='word_1_21' title='bbox 1236 522 1434 592; x_wconf 91' lang='lat' dir='ltr'>Jorat,</span> <span class='ocrx_word' id='word_1_22' title='bbox 1495 522 1796 602; x_wconf 89' lang='lat' dir='ltr'>quosdam</span> <span class='ocrx_word' id='word_1_23' title='bbox 1840 522 1978 582; x_wconf 91' lang='lat' dir='ltr'>Ich-</span> 
     </span>
     <span class='ocr_line' id='line_1_5' title="bbox 206 620 1978 704; baseline 0 -21"><span class='ocrx_word' id='word_1_24' title='bbox 206 644 546 684; x_wconf 90' lang='lat' dir='ltr'>neumones</span> <span class='ocrx_word' id='word_1_25' title='bbox 603 621 1014 682; x_wconf 78' lang='lat' dir='ltr'>describebat.</span> <span class='ocrx_word' id='word_1_26' title='bbox 1072 656 1160 666; x_wconf 85' lang='lat'>-—</span> <span class='ocrx_word' id='word_1_27' title='bbox 1212 620 1525 692; x_wconf 78' lang='lat' dir='ltr'>Karsten,</span> <span class='ocrx_word' id='word_1_28' title='bbox 1583 622 1648 680; x_wconf 88' lang='lat' dir='ltr'>in</span> <span class='ocrx_word' id='word_1_29' title='bbox 1694 622 1978 704; x_wconf 83' lang='lat' dir='ltr'>catalogo</span> 
     </span>
     <span class='ocr_line' id='line_1_6' title="bbox 206 719 1976 803; baseline 0 -20"><span class='ocrx_word' id='word_1_30' title='bbox 206 722 413 783; x_wconf 83' lang='lat' dir='ltr'>Musei</span> <span class='ocrx_word' id='word_1_31' title='bbox 476 721 807 794; x_wconf 84' lang='lat' dir='ltr'>Leskeani,</span> <span class='ocrx_word' id='word_1_32' title='bbox 887 720 1099 802; x_wconf 86' lang='lat' dir='ltr'>plures</span> <span class='ocrx_word' id='word_1_33' title='bbox 1165 719 1658 780; x_wconf 89' lang='lat' dir='ltr'>Ichneumonum</span> <span class='ocrx_word' id='word_1_34' title='bbox 1717 721 1976 803; x_wconf 84' lang='lat' dir='ltr'>specieS‚</span> 
     </span>
     <span class='ocr_line' id='line_1_7' title="bbox 201 819 1978 902; baseline -0.001 -19"><span class='ocrx_word' id='word_1_35' title='bbox 201 824 720 893; x_wconf 27' lang='lat' dir='ltr'>nondumaeeditas,</span> <span class='ocrx_word' id='word_1_36' title='bbox 767 819 1062 881; x_wconf 83' lang='lat' dir='ltr'>brevibus</span> <span class='ocrx_word' id='word_1_37' title='bbox 1087 819 1486 902; x_wconf 87' lang='lat' dir='ltr'>diagnosibus</span> <span class='ocrx_word' id='word_1_38' title='bbox 1513 819 1863 883; x_wconf 84' lang='lat' dir='ltr'>exhibebat.</span> <span class='ocrx_word' id='word_1_39' title='bbox 1891 857 1978 867; x_wconf 90' lang='lat'><strong>—</strong></span> 
     </span>
     <span class='ocr_line' id='line_1_8' title="bbox 204 919 1977 1005; baseline -0.001 -21"><span class='ocrx_word' id='word_1_40' title='bbox 204 926 383 984; x_wconf 92' lang='lat' dir='ltr'>Anno</span> <span class='ocrx_word' id='word_1_41' title='bbox 419 929 581 985; x_wconf 83' lang='lat'>1790</span> <span class='ocrx_word' id='word_1_42' title='bbox 616 923 802 982; x_wconf 87' lang='lat' dir='ltr'>Rossi</span> <span class='ocrx_word' id='word_1_43' title='bbox 837 919 1000 981; x_wconf 91' lang='lat' dir='ltr'>inter</span> <span class='ocrx_word' id='word_1_44' title='bbox 1027 920 1482 980; x_wconf 83' lang='lat' dir='ltr'>Ichneumones</span> <span class='ocrx_word' id='word_1_45' title='bbox 1514 932 1794 981; x_wconf 89' lang='lat' dir='ltr'>etruscos</span> <span class='ocrx_word' id='word_1_46' title='bbox 1832 923 1977 1005; x_wconf 88' lang='lat' dir='ltr'>plu-</span> 
     </span>
     <span class='ocr_line' id='line_1_9' title="bbox 204 1018 1979 1105; baseline -0.002 -21"><span class='ocrx_word' id='word_1_47' title='bbox 204 1045 302 1084; x_wconf 86' lang='lat' dir='ltr'>res</span> <span class='ocrx_word' id='word_1_48' title='bbox 339 1022 574 1105; x_wconf 89' lang='lat' dir='ltr'>species</span> <span class='ocrx_word' id='word_1_49' title='bbox 613 1041 803 1081; x_wconf 81' lang='lat' dir='ltr'>novas</span> <span class='ocrx_word' id='word_1_50' title='bbox 836 1018 1246 1080; x_wconf 84' lang='lat' dir='ltr'>describebat.</span> <span class='ocrx_word' id='word_1_51' title='bbox 1341 1019 1576 1080; x_wconf 85' lang='lat' dir='ltr'>Generi</span> <span class='ocrx_word' id='word_1_52' title='bbox 1603 1020 1979 1081; x_wconf 89' lang='lat' dir='ltr'>Ichneumo-</span> 
     </span>
     <span class='ocr_line' id='line_1_10' title="bbox 205 1119 1976 1203; baseline -0.002 -19"><span class='ocrx_word' id='word_1_53' title='bbox 205 1148 353 1184; x_wconf 88' lang='lat' dir='ltr'>num</span> <span class='ocrx_word' id='word_1_54' title='bbox 388 1136 605 1182; x_wconf 88' lang='lat' dir='ltr'>auctor</span> <span class='ocrx_word' id='word_1_55' title='bbox 639 1121 1028 1181; x_wconf 81' lang='lat' dir='ltr'>characteres</span> <span class='ocrx_word' id='word_1_56' title='bbox 1064 1119 1463 1179; x_wconf 88' lang='lat' dir='ltr'>Fabricianos</span> <span class='ocrx_word' id='word_1_57' title='bbox 1501 1121 1817 1203; x_wconf 71' lang='lat' dir='ltr'>praefixit,</span> <span class='ocrx_word' id='word_1_58' title='bbox 1868 1121 1976 1182; x_wconf 92' lang='lat' dir='ltr'>sed</span> 
     </span>
     <span class='ocr_line' id='line_1_11' title="bbox 199 1219 1974 1294; baseline -0.003 -8"><span class='ocrx_word' id='word_1_59' title='bbox 199 1225 465 1286; x_wconf 87' lang='lat' dir='ltr'>familias</span> <span class='ocrx_word' id='word_1_60' title='bbox 503 1222 887 1282; x_wconf 87' lang='lat' dir='ltr'>Linnaeanas</span> <span class='ocrx_word' id='word_1_61' title='bbox 914 1220 1194 1280; x_wconf 89' lang='lat' dir='ltr'>retinuit.</span> <span class='ocrx_word' id='word_1_62' title='bbox 1225 1255 1309 1264; x_wconf 90' lang='lat'>—</span> <span class='ocrx_word' id='word_1_63' title='bbox 1331 1219 1474 1280; x_wconf 79' lang='lat' dir='ltr'>Kob</span> <span class='ocrx_word' id='word_1_64' title='bbox 1511 1233 1572 1280; x_wconf 85' lang='lat' dir='ltr'>et</span> <span class='ocrx_word' id='word_1_65' title='bbox 1597 1221 1862 1294; x_wconf 75' lang='lat' dir='ltr'>Pamer,</span> <span class='ocrx_word' id='word_1_66' title='bbox 1907 1221 1974 1281; x_wconf 91' lang='lat' dir='ltr'>in</span> 
     </span>
     <span class='ocr_line' id='line_1_12' title="bbox 198 1320 1974 1409; baseline -0.003 -23"><span class='ocrx_word' id='word_1_67' title='bbox 198 1347 387 1409; x_wconf 88' lang='lat' dir='ltr'>opere</span> <span class='ocrx_word' id='word_1_68' title='bbox 434 1324 510 1384; x_wconf 90' lang='lat' dir='ltr'>de</span> <span class='ocrx_word' id='word_1_69' title='bbox 557 1321 902 1384; x_wconf 83' lang='lat' dir='ltr'>vastatione</span> <span class='ocrx_word' id='word_1_70' title='bbox 960 1322 1249 1381; x_wconf 87' lang='lat' dir='ltr'>arborum</span> <span class='ocrx_word' id='word_1_71' title='bbox 1300 1320 1771 1402; x_wconf 86' lang='lat' dir='ltr'>aquifoliarum,</span> <span class='ocrx_word' id='word_1_72' title='bbox 1831 1321 1974 1381; x_wconf 89' lang='lat' dir='ltr'>Ich-</span> 
     </span>
     <span class='ocr_line' id='line_1_13' title="bbox 195 1420 1970 1506; baseline -0.003 -19"><span class='ocrx_word' id='word_1_73' title='bbox 195 1446 573 1487; x_wconf 89' lang='lat' dir='ltr'>neumonum</span> <span class='ocrx_word' id='word_1_74' title='bbox 603 1444 855 1506; x_wconf 87' lang='lat' dir='ltr'>quoque</span> <span class='ocrx_word' id='word_1_75' title='bbox 891 1421 1211 1480; x_wconf 90' lang='lat' dir='ltr'>notionem</span> <span class='ocrx_word' id='word_1_76' title='bbox 1248 1420 1652 1502; x_wconf 86' lang='lat' dir='ltr'>adaugebant.</span> <span class='ocrx_word' id='word_1_77' title='bbox 1745 1423 1818 1480; x_wconf 91' lang='lat' dir='ltr'>In</span> <span class='ocrx_word' id='word_1_78' title='bbox 1849 1421 1970 1482; x_wconf 92' lang='lat' dir='ltr'>hoc</span> 
     </span>
     <span class='ocr_line' id='line_1_14' title="bbox 194 1520 1969 1609; baseline -0.003 -22"><span class='ocrx_word' id='word_1_79' title='bbox 194 1548 385 1609; x_wconf 89' lang='lat' dir='ltr'>opere</span> <span class='ocrx_word' id='word_1_80' title='bbox 437 1526 670 1584; x_wconf 85' lang='lat' dir='ltr'>Panzer</span> <span class='ocrx_word' id='word_1_81' title='bbox 724 1522 959 1582; x_wconf 83' lang='lat' dir='ltr'>insecta</span> <span class='ocrx_word' id='word_1_82' title='bbox 1006 1520 1315 1581; x_wconf 88' lang='lat' dir='ltr'>recensita</span> <span class='ocrx_word' id='word_1_83' title='bbox 1364 1521 1721 1598; x_wconf 76' lang='lat' dir='ltr'>nominibus</span> <span class='ocrx_word' id='word_1_84' title='bbox 1772 1534 1969 1604; x_wconf 85' lang='lat' dir='ltr'>syste-</span> 
     </span>
     <span class='ocr_line' id='line_1_15' title="bbox 194 1620 1968 1705; baseline -0.003 -19"><span class='ocrx_word' id='word_1_85' title='bbox 194 1626 438 1686; x_wconf 89' lang='lat' dir='ltr'>maticis</span> <span class='ocrx_word' id='word_1_86' title='bbox 466 1621 830 1705; x_wconf 77' lang='lat' dir='ltr'>designavit,</span> <span class='ocrx_word' id='word_1_87' title='bbox 869 1620 1006 1679; x_wconf 87' lang='lat' dir='ltr'>Kob</span> <span class='ocrx_word' id='word_1_88' title='bbox 1031 1620 1356 1681; x_wconf 82' lang='lat' dir='ltr'>historiam</span> <span class='ocrx_word' id='word_1_89' title='bbox 1383 1621 1726 1682; x_wconf 82' lang='lat' dir='ltr'>naturalem</span> <span class='ocrx_word' id='word_1_90' title='bbox 1753 1642 1968 1682; x_wconf 89' lang='lat' dir='ltr'>eorum</span> 
     </span>
     <span class='ocr_line' id='line_1_16' title="bbox 195 1721 1965 1804; baseline -0.002 -19"><span class='ocrx_word' id='word_1_91' title='bbox 195 1725 484 1786; x_wconf 88' lang='lat' dir='ltr'>narravit.</span> <span class='ocrx_word' id='word_1_92' title='bbox 515 1760 601 1768; x_wconf 91' lang='lat'>—-</span> <span class='ocrx_word' id='word_1_93' title='bbox 626 1724 804 1782; x_wconf 86' lang='lat' dir='ltr'>Anno</span> <span class='ocrx_word' id='word_1_94' title='bbox 836 1728 993 1784; x_wconf 84' lang='lat'>1791</span> <span class='ocrx_word' id='word_1_95' title='bbox 1038 1721 1284 1792; x_wconf 81' lang='lat' dir='ltr'>Christ,</span> <span class='ocrx_word' id='word_1_96' title='bbox 1335 1721 1400 1781; x_wconf 90' lang='lat' dir='ltr'>in</span> <span class='ocrx_word' id='word_1_97' title='bbox 1435 1721 1599 1781; x_wconf 90' lang='lat' dir='ltr'>libro</span> <span class='ocrx_word' id='word_1_98' title='bbox 1626 1722 1701 1781; x_wconf 92' lang='lat' dir='ltr'>de</span> <span class='ocrx_word' id='word_1_99' title='bbox 1730 1721 1965 1804; x_wconf 84' lang='lat' dir='ltr'>Apibus</span> 
     </span>
     <span class='ocr_line' id='line_1_17' title="bbox 194 1820 1968 1907; baseline -0.005 -20"><span class='ocrx_word' id='word_1_100' title='bbox 194 1839 258 1887; x_wconf 81' lang='lat' dir='ltr'>et</span> <span class='ocrx_word' id='word_1_101' title='bbox 286 1825 528 1907; x_wconf 81' lang='lat' dir='ltr'>VespiS,</span> <span class='ocrx_word' id='word_1_102' title='bbox 559 1822 1013 1882; x_wconf 89' lang='lat' dir='ltr'>Ichneumones</span> <span class='ocrx_word' id='word_1_103' title='bbox 1041 1820 1338 1881; x_wconf 84' lang='lat' dir='ltr'>methodo</span> <span class='ocrx_word' id='word_1_104' title='bbox 1362 1821 1714 1881; x_wconf 86' lang='lat' dir='ltr'>Linnaeana</span> <span class='ocrx_word' id='word_1_105' title='bbox 1741 1833 1968 1880; x_wconf 90' lang='lat' dir='ltr'>tracta-</span> 
     </span>
     <span class='ocr_line' id='line_1_18' title="bbox 188 1920 1962 2007; baseline -0.003 -21"><span class='ocrx_word' id='word_1_106' title='bbox 188 1927 322 1999; x_wconf 86' lang='lat' dir='ltr'>bat,</span> <span class='ocrx_word' id='word_1_107' title='bbox 393 1925 498 1985; x_wconf 90' lang='lat' dir='ltr'>sed</span> <span class='ocrx_word' id='word_1_108' title='bbox 546 1936 792 2007; x_wconf 89' lang='lat' dir='ltr'>apteros</span> <span class='ocrx_word' id='word_1_109' title='bbox 835 1921 900 1980; x_wconf 86' lang='lat' dir='ltr'>in</span> <span class='ocrx_word' id='word_1_110' title='bbox 954 1920 1258 1980; x_wconf 81' lang='lat' dir='ltr'>familiam</span> <span class='ocrx_word' id='word_1_111' title='bbox 1323 1921 1707 2005; x_wconf 85' lang='lat' dir='ltr'>peculiarem</span> <span class='ocrx_word' id='word_1_112' title='bbox 1776 1922 1962 1981; x_wconf 91' lang='lat' dir='ltr'>colli-</span> 
     </span>
     <span class='ocr_line' id='line_1_19' title="bbox 188 2021 1966 2110; baseline -0.004 -22"><span class='ocrx_word' id='word_1_113' title='bbox 188 2028 388 2110; x_wconf 84' lang='lat' dir='ltr'>gebat,</span> <span class='ocrx_word' id='word_1_114' title='bbox 429 2038 492 2085; x_wconf 92' lang='lat' dir='ltr'>et</span> <span class='ocrx_word' id='word_1_115' title='bbox 518 2024 756 2108; x_wconf 84' lang='lat' dir='ltr'>species</span> <span class='ocrx_word' id='word_1_116' title='bbox 782 2021 1059 2081; x_wconf 84' lang='lat' dir='ltr'>familiae</span> <span class='ocrx_word' id='word_1_117' title='bbox 1085 2034 1355 2093; x_wconf 81' lang='lat' dir='ltr'>octavae,</span> <span class='ocrx_word' id='word_1_118' title='bbox 1399 2044 1554 2104; x_wconf 90' lang='lat' dir='ltr'>quae</span> <span class='ocrx_word' id='word_1_119' title='bbox 1580 2035 1786 2083; x_wconf 81' lang='lat' dir='ltr'>sextae</span> <span class='ocrx_word' id='word_1_120' title='bbox 1815 2022 1966 2081; x_wconf 92' lang='lat' dir='ltr'>Lin-</span> 
     </span>
     <span class='ocr_line' id='line_1_20' title="bbox 102 2120 1966 2208; baseline -0.002 -22"><span class='ocrx_word' id='word_1_121' title='bbox 102 2172 109 2180; x_wconf 79' lang='lat'><em>,</em></span> <span class='ocrx_word' id='word_1_122' title='bbox 190 2128 327 2188; x_wconf 89' lang='lat' dir='ltr'>naei</span> <span class='ocrx_word' id='word_1_123' title='bbox 370 2125 737 2208; x_wconf 83' lang='lat' dir='ltr'>respondet,</span> <span class='ocrx_word' id='word_1_124' title='bbox 800 2121 1051 2182; x_wconf 87' lang='lat' dir='ltr'>nomine</span> <span class='ocrx_word' id='word_1_125' title='bbox 1090 2120 1823 2204; x_wconf 84' lang='lat' dir='ltr'>Cynipsichneumonum</span> <span class='ocrx_word' id='word_1_126' title='bbox 1857 2122 1966 2182; x_wconf 89' lang='lat' dir='ltr'>de-</span> 
     </span>
     <span class='ocr_line' id='line_1_21' title="bbox 190 2222 1963 2308; baseline -0.002 -24"><span class='ocrx_word' id='word_1_127' title='bbox 190 2227 492 2308; x_wconf 82' lang='lat' dir='ltr'>signabat.</span> <span class='ocrx_word' id='word_1_128' title='bbox 521 2261 607 2270; x_wconf 84' lang='lat'>-—-</span> <span class='ocrx_word' id='word_1_129' title='bbox 634 2227 812 2284; x_wconf 90' lang='lat' dir='ltr'>Anno</span> <span class='ocrx_word' id='word_1_130' title='bbox 844 2228 1007 2284; x_wconf 72' lang='grc'>1792</span> <span class='ocrx_word' id='word_1_131' title='bbox 1035 2222 1309 2295; x_wconf 71' lang='grc' dir='ltr'><em>ΟΖίνὶθν,</em></span> <span class='ocrx_word' id='word_1_132' title='bbox 1355 2223 1420 2282; x_wconf 92' lang='lat' dir='ltr'>in</span> <span class='ocrx_word' id='word_1_133' title='bbox 1458 2223 1963 2306; x_wconf 85' lang='lat' dir='ltr'>Encyclopaedia</span> 
     </span>
     <span class='ocr_line' id='line_1_22' title="bbox 189 2322 1959 2394; baseline -0.003 -9"><span class='ocrx_word' id='word_1_134' title='bbox 189 2326 542 2385; x_wconf 88' lang='lat' dir='ltr'>methodica</span> <span class='ocrx_word' id='word_1_135' title='bbox 588 2323 948 2394; x_wconf 82' lang='lat' dir='ltr'>Gallorum,</span> <span class='ocrx_word' id='word_1_136' title='bbox 1001 2322 1112 2381; x_wconf 88' lang='lat' dir='ltr'>sub</span> <span class='ocrx_word' id='word_1_137' title='bbox 1149 2322 1416 2382; x_wconf 88' lang='lat' dir='ltr'>articulo</span> <span class='ocrx_word' id='word_1_138' title='bbox 1445 2322 1959 2394; x_wconf 90' lang='lat' dir='ltr'>Ichneumonum,</span> 
     </span>
     <span class='ocr_line' id='line_1_23' title="bbox 188 2422 1963 2503; baseline -0.002 -18"><span class='ocrx_word' id='word_1_139' title='bbox 188 2425 552 2486; x_wconf 87' lang='lat' dir='ltr'>methodum</span> <span class='ocrx_word' id='word_1_140' title='bbox 590 2422 1004 2481; x_wconf 87' lang='lat' dir='ltr'>Linnaeanam</span> <span class='ocrx_word' id='word_1_141' title='bbox 1046 2434 1321 2493; x_wconf 81' lang='lat' dir='ltr'>secutuS,</span> <span class='ocrx_word' id='word_1_142' title='bbox 1369 2422 1581 2503; x_wconf 85' lang='lat' dir='ltr'>plures</span> <span class='ocrx_word' id='word_1_143' title='bbox 1607 2442 1793 2481; x_wconf 84' lang='lat' dir='ltr'>novas</span> <span class='ocrx_word' id='word_1_144' title='bbox 1821 2443 1963 2503; x_wconf 88' lang='lat' dir='ltr'>spe-</span> 
     </span>
     <span class='ocr_line' id='line_1_24' title="bbox 189 2520 1962 2602; baseline -0.002 -18"><span class='ocrx_word' id='word_1_145' title='bbox 189 2525 315 2584; x_wconf 90' lang='lat' dir='ltr'>cies</span> <span class='ocrx_word' id='word_1_146' title='bbox 354 2521 762 2583; x_wconf 87' lang='lat' dir='ltr'>describebat.</span> <span class='ocrx_word' id='word_1_147' title='bbox 813 2557 896 2564; x_wconf 91' lang='lat'>--</span> <span class='ocrx_word' id='word_1_148' title='bbox 946 2521 1141 2582; x_wconf 69' lang='lat' dir='ltr'>Riobe</span> <span class='ocrx_word' id='word_1_149' title='bbox 1187 2541 1466 2602; x_wconf 86' lang='lat' dir='ltr'>quoque,</span> <span class='ocrx_word' id='word_1_150' title='bbox 1516 2520 1581 2579; x_wconf 90' lang='lat' dir='ltr'>in</span> <span class='ocrx_word' id='word_1_151' title='bbox 1628 2521 1962 2582; x_wconf 89' lang='lat' dir='ltr'>Commen-</span> 
     </span>
     <span class='ocr_line' id='line_1_25' title="bbox 187 2620 1998 2702; baseline -0.002 -18"><span class='ocrx_word' id='word_1_152' title='bbox 187 2624 363 2684; x_wconf 87' lang='lat' dir='ltr'>tariis</span> <span class='ocrx_word' id='word_1_153' title='bbox 425 2621 753 2683; x_wconf 85' lang='lat' dir='ltr'>Societatis</span> <span class='ocrx_word' id='word_1_154' title='bbox 813 2620 1203 2702; x_wconf 86' lang='lat' dir='ltr'>parisiensis,</span> <span class='ocrx_word' id='word_1_155' title='bbox 1273 2620 1349 2678; x_wconf 91' lang='lat' dir='ltr'>ad</span> <span class='ocrx_word' id='word_1_156' title='bbox 1406 2620 1957 2702; x_wconf 83' lang='lat' dir='ltr'>amplificationem</span> <span class='ocrx_word' id='word_1_157' title='bbox 1995 2636 1998 2637; x_wconf 72' lang='grc'>’</span> 
     </span>
     <span class='ocr_line' id='line_1_26' title="bbox 186 2720 1956 2806; baseline 0 -22"><span class='ocrx_word' id='word_1_158' title='bbox 186 2723 430 2806; x_wconf 89' lang='lat' dir='ltr'>generis</span> <span class='ocrx_word' id='word_1_159' title='bbox 467 2721 956 2781; x_wconf 88' lang='lat' dir='ltr'>Ichneumonum</span> <span class='ocrx_word' id='word_1_160' title='bbox 998 2720 1452 2780; x_wconf 89' lang='lat' dir='ltr'>contribuebat.</span> <span class='ocrx_word' id='word_1_161' title='bbox 1479 2723 1762 2781; x_wconf 91' lang='lat' dir='ltr'>—Anno</span> <span class='ocrx_word' id='word_1_162' title='bbox 1795 2727 1956 2784; x_wconf 80' lang='lat'><strong>1793</strong></span> 
     </span>
     <span class='ocr_line' id='line_1_27' title="bbox 186 2819 1958 2902; baseline -0.002 -19"><span class='ocrx_word' id='word_1_163' title='bbox 186 2825 239 2883; x_wconf 91' lang='lat' dir='ltr'>J.</span> <span class='ocrx_word' id='word_1_164' title='bbox 279 2825 346 2883; x_wconf 82' lang='lat' dir='ltr'>C.</span> <span class='ocrx_word' id='word_1_165' title='bbox 383 2820 724 2882; x_wconf 75' lang='lat' dir='ltr'>Fabricius</span> <span class='ocrx_word' id='word_1_166' title='bbox 763 2820 1268 2901; x_wconf 85' lang='lat' dir='ltr'>Entomologiam</span> <span class='ocrx_word' id='word_1_167' title='bbox 1304 2822 1764 2902; x_wconf 84' lang='lat' dir='ltr'>systematicam</span> <span class='ocrx_word' id='word_1_168' title='bbox 1811 2819 1958 2880; x_wconf 91' lang='lat' dir='ltr'>ede-</span> 
     </span>
     <span class='ocr_line' id='line_1_28' title="bbox 185 2917 1959 3004; baseline -0.002 -23"><span class='ocrx_word' id='word_1_169' title='bbox 185 2921 318 2993; x_wconf 85' lang='lat' dir='ltr'>bat,</span> <span class='ocrx_word' id='word_1_170' title='bbox 367 2920 581 2980; x_wconf 86' lang='lat' dir='ltr'>multis</span> <span class='ocrx_word' id='word_1_171' title='bbox 621 2921 796 2981; x_wconf 86' lang='lat' dir='ltr'>novis</span> <span class='ocrx_word' id='word_1_172' title='bbox 834 2920 1188 3004; x_wconf 77' lang='lat' dir='ltr'>speciebUS,</span> <span class='ocrx_word' id='word_1_173' title='bbox 1239 2920 1424 2981; x_wconf 91' lang='lat' dir='ltr'>etiam</span> <span class='ocrx_word' id='word_1_174' title='bbox 1458 2921 1521 2980; x_wconf 90' lang='lat' dir='ltr'>in</span> <span class='ocrx_word' id='word_1_175' title='bbox 1552 2942 1775 3002; x_wconf 80' lang='lat' dir='ltr'>genere</span> <span class='ocrx_word' id='word_1_176' title='bbox 1811 2917 1959 2978; x_wconf 90' lang='lat' dir='ltr'>Ich-</span> 
     </span>
     <span class='ocr_line' id='line_1_29' title="bbox 183 3017 1952 3104; baseline -0.002 -24"><span class='ocrx_word' id='word_1_177' title='bbox 183 3039 597 3091; x_wconf 85' lang='lat' dir='ltr'>neumonum,</span> <span class='ocrx_word' id='word_1_178' title='bbox 647 3032 907 3079; x_wconf 84' lang='lat' dir='ltr'>auctam.</span> <span class='ocrx_word' id='word_1_179' title='bbox 935 3057 1020 3065; x_wconf 92' lang='lat'>—-</span> <span class='ocrx_word' id='word_1_180' title='bbox 1046 3021 1379 3104; x_wconf 80' lang='lat' dir='ltr'>Preysler,</span> <span class='ocrx_word' id='word_1_181' title='bbox 1424 3019 1490 3079; x_wconf 90' lang='lat' dir='ltr'>in</span> <span class='ocrx_word' id='word_1_182' title='bbox 1527 3017 1952 3079; x_wconf 91' lang='lat' dir='ltr'>Collectaneis</span> 
     </span>
     <span class='ocr_line' id='line_1_30' title="bbox 186 3116 1955 3202; baseline -0.002 -22"><span class='ocrx_word' id='word_1_183' title='bbox 186 3118 512 3180; x_wconf 84' lang='lat' dir='ltr'>Societatis</span> <span class='ocrx_word' id='word_1_184' title='bbox 536 3119 916 3192; x_wconf 88' lang='lat' dir='ltr'>bohemicae,</span> <span class='ocrx_word' id='word_1_185' title='bbox 945 3120 1242 3202; x_wconf 89' lang='lat' dir='ltr'>quosdam</span> <span class='ocrx_word' id='word_1_186' title='bbox 1271 3118 1722 3178; x_wconf 86' lang='lat' dir='ltr'>Ichneumones</span> <span class='ocrx_word' id='word_1_187' title='bbox 1752 3116 1955 3177; x_wconf 91' lang='lat' dir='ltr'>Bohe-</span> 
     </span>
     <span class='ocr_line' id='line_1_31' title="bbox 182 3217 1954 3280; baseline -0.001 -2"><span class='ocrx_word' id='word_1_188' title='bbox 182 3220 344 3279; x_wconf 83' lang='lat' dir='ltr'>miae</span> <span class='ocrx_word' id='word_1_189' title='bbox 377 3219 785 3280; x_wconf 87' lang='lat' dir='ltr'>describebat.</span> <span class='ocrx_word' id='word_1_190' title='bbox 814 3256 900 3265; x_wconf 95' lang='lat'>-—-</span> <span class='ocrx_word' id='word_1_191' title='bbox 923 3223 1100 3279; x_wconf 88' lang='lat' dir='ltr'>Anno</span> <span class='ocrx_word' id='word_1_192' title='bbox 1135 3222 1298 3280; x_wconf 83' lang='lat'>1794</span> <span class='ocrx_word' id='word_1_193' title='bbox 1332 3218 1630 3278; x_wconf 88' lang='lat' dir='ltr'>Mantissa</span> <span class='ocrx_word' id='word_1_194' title='bbox 1681 3217 1954 3277; x_wconf 87' lang='lat' dir='ltr'>insecto-</span> 
     </span>
     <span class='ocr_line' id='line_1_32' title="bbox 181 3317 1955 3384; baseline -0.001 -5"><span class='ocrx_word' id='word_1_195' title='bbox 181 3338 321 3379; x_wconf 84' lang='lat' dir='ltr'>rum</span> <span class='ocrx_word' id='word_1_196' title='bbox 357 3319 566 3384; x_wconf 87' lang='lat' dir='ltr'>Rossii</span> <span class='ocrx_word' id='word_1_197' title='bbox 610 3320 947 3382; x_wconf 90' lang='lat' dir='ltr'>nonnullos</span> <span class='ocrx_word' id='word_1_198' title='bbox 986 3317 1440 3383; x_wconf 86' lang='lat' dir='ltr'>Ichneumones</span> <span class='ocrx_word' id='word_1_199' title='bbox 1477 3317 1830 3379; x_wconf 84' lang='lat' dir='ltr'>exhibebat.</span> <span class='ocrx_word' id='word_1_200' title='bbox 1867 3350 1955 3362; x_wconf 92' lang='grc'>-</span> 
     </span>
    </p>
   </div>
  </div>
 </body>
</html>
