1997 3680
162 136 285 193 6Ξο
625 112 629 116 ”
813 145 1258 187 chNEUMON
1332 148 1334 151 ’

577 284 801 344 Nota:

286 383 429 445 Non
462 381 683 444 dubito
724 381 877 465 quin
924 393 1137 443 noster
1170 378 1349 444 Ichn.
1393 381 1711 446 incubitor
1752 379 1918 447 i'nter

156 472 436 565 ejusdem
496 481 761 543 nominis
826 481 1066 565 species
1119 492 1442 541 auctorum
1502 483 1914 566 allegatorum

150 584 373 657 lateat3
422 583 599 644 nullo
626 582 812 643 modo
852 594 1057 642 autem
1098 581 1401 641 extricare
1435 602 1715 664 possum,
1765 606 1915 644 num

150 684 253 746 vel
301 705 512 746 omnes
561 696 875 754 auctoreS,
934 683 1035 743 vel
1072 681 1286 763 quales
1335 702 1580 754 eorum,
1639 695 1912 742 nostram

151 781 424 863 speciem
460 782 922 865 descripserint.
1014 775 1361 862 Diagnoses
1386 803 1599 843 omnes
1635 780 1740 862 (ut
1771 782 1914 864 plu-

146 881 374 960 rimum
423 903 456 943 e
495 882 717 943 Linnei
768 883 978 941 Fauna
1024 881 1360 963 repetitae)
1405 881 1565 946 bene
1609 881 1912 963 quadrant

149 980 224 1041 ad
262 991 533 1041 nostram
581 980 880 1064 speciem3
937 982 1077 1041 loca
1125 994 1329 1042 autem
1369 1004 1403 1042 e
1436 981 1658 1043 Linnei
1696 981 1906 1039 Fauna

150 1080 422 1152 Suecica,
473 1103 506 1141 e
543 1080 854 1141 Geoffroii
891 1081 1181 1153 Historia,
1227 1081 1329 1141 vel
1360 1102 1435 1141 ex
1471 1081 1605 1164 ipsa
1628 1078 1907 1161 Scopolii

140 1180 352 1238 Fauna
385 1179 764 1251 carneolica,
812 1202 970 1262 quae
1004 1192 1289 1239 auctores
1327 1180 1402 1238 ad
1437 1177 1595 1240 hanc
1631 1179 1906 1262 speciem

143 1278 470 1351 adhibent,
519 1278 777 1338 dubium
815 1291 1002 1365 atque
1041 1278 1347 1341 incertum
1383 1301 1482 1339 me
1517 1279 1900 1361 relinquunt.

140 1378 413 1439 Linneus
464 1379 612 1438 duas
658 1378 759 1438 vel
805 1389 930 1438 tres
970 1375 1210 1459 species
1262 1377 1374 1438 sub
1420 1377 1674 1438 nomine
1720 1376 1898 1438 Ichn.

140 1478 515 1540 incubitoris
557 1477 912 1538 confudisse
959 1477 1234 1550 videtur,
1303 1499 1446 1538 nam
1501 1478 1568 1538 in
1621 1476 1902 1558 diagnosi

138 1580 388 1639 Faunae
426 1580 719 1639 Suecicae
755 1577 1073 1637 Ichneum.
1114 1576 1429 1638 incubitor
1471 1576 1660 1636 habet
1705 1575 1903 1637 abdo-

135 1702 270 1740 men
297 1680 783 1760 ferragineam,
832 1683 1011 1760 apice
1046 1682 1266 1757 nigrO,
1312 1680 1566 1739 macula
1604 1673 1788 1747 alba,
1834 1676 1900 1735 in

133 1779 561 1860 descriptione
600 1777 909 1840 abdomen
942 1778 1427 1858 ferrugineum,
1484 1779 1707 1838 ultimo
1738 1782 1898 1838 arti-

132 1882 274 1942 culo
308 1884 492 1959 nigro
541 1878 744 1957 (nulla
783 1877 1061 1936 maculae
1097 1877 1273 1936 albae
1318 1876 1480 1937 facta
1516 1877 1892 1957 mentione),

133 1980 198 2039 in
233 1977 401 2038 Actis
441 1978 702 2038 suecicis
748 1984 939 2049 1736,
989 1997 1125 2059 pag.
1173 1977 1320 2048 125,
1371 2001 1428 2038 n.
1467 1984 1536 2049 7,
1586 1975 1894 2038 abdomen

132 2091 474 2142 testaceam
503 2084 681 2161 apice
703 2083 905 2158 nigrO,
941 2080 1161 2139 aculeo
1188 2078 1445 2158 triplici.
1470 2111 1553 2122 —
1581 2075 1892 2136 Geoffroii

129 2178 516 2238 Ichneumon
557 2182 666 2249 48,
726 2201 784 2237 n.
823 2181 973 2250 341,
1035 2177 1108 2235 ad
1145 2199 1328 2259 quem
1377 2175 1628 2259 quidem
1674 2180 1893 2235 auctor

125 2279 445 2343 Ichneum.
499 2276 909 2339 incubitorem
968 2276 1191 2336 Linnei
1254 2275 1533 2346 adhibet,
1604 2281 1891 2337 antennis

126 2391 220 2438 est
267 2377 558 2439 branneis
606 2377 810 2439 medio
854 2375 1050 2450 albis,
1095 2375 1430 2438 abdomine
1479 2379 1659 2457 apice
1703 2380 1886 2455 nigro

125 2477 438 2557 (maculae
463 2476 638 2539 albae
666 2478 839 2538 nulla
866 2477 1027 2536 facta
1052 2476 1431 2556 mentione),
1472 2476 1692 2536 aculeo
1718 2473 1887 2536 brevi

122 2579 381 2659 triplici.
474 2577 653 2636 Hunc
682 2575 992 2638 Geoffroii
1020 2575 1508 2654 Ichneumonem
1534 2574 1768 2656 Illiger,
1816 2574 1882 2634 in

121 2676 397 2737 editione
437 2675 704 2737 secunda
744 2676 993 2737 Faunae
1017 2676 1349 2736 Rossianae
1383 2696 1444 2758 p.
1489 2675 1597 2747 65,
1646 2697 1704 2735 n.
1734 2680 1876 2747 760,

115 2777 242 2860 jam
277 2776 352 2834 ab
389 2774 562 2836 Ichn.
600 2775 951 2836 incubitore
983 2779 1268 2837 removit.

244 2874 439 2935 Nullo
476 2873 662 2934 modo
691 2887 895 2933 autem
927 2876 1000 2934 ad
1038 2888 1308 2936 nostram
1346 2871 1618 2955 speciem
1654 2871 1874 2933 referri

114 2987 379 3057 possunt
402 2974 720 3035 Ichneum.
753 2973 1068 3035 incubitor
1099 2973 1349 3056 Scopoli
1380 2974 1559 3032 Carn.
1579 3020 1594 3046 ,
1641 2995 1697 3031 n.
1730 2973 1870 3044 745,

117 3073 379 3136 thorace
426 3082 635 3137 antice
682 3076 832 3155 ruso
848 3097 870 3141 ;
906 3108 985 3117 —
1023 3075 1261 3132 Stroem
1297 3073 1534 3132 Norske
1569 3071 1864 3132 Selskskr.

113 3175 220 3245 IV,
267 3197 327 3254 p.
371 3178 512 3246 348,
561 3198 620 3235 n.
655 3177 752 3245 65,
802 3171 1050 3233 terebra
1077 3185 1359 3245 exserta,
1406 3172 1579 3234 tibiis
1606 3175 1872 3254 posticis

111 3294 376 3357 superne
401 3272 564 3338 albis
575 3297 600 3345 ,·
621 3306 705 3323 --
727 3270 1000 3335 Schrank
1024 3274 1249 3344 Austr.‚
1277 3294 1335 3331 n.
1365 3275 1521 3344 7143
1546 3283 1866 3333 tarsorum
