1934 3690
594 161 757 201 FAM.
809 148 861 211 1,
910 159 1095 200 secr.
1147 162 1251 200 vn.
1678 144 1795 206 451

55 298 157 359 vel
190 295 322 358 fere
358 294 507 357 totis
544 296 700 357 albis
732 295 834 358 vel
869 295 1148 356 articulis
1170 299 1363 360 2-4
1387 294 1594 356 medio
1619 295 1796 360 albis,

53 395 385 459 Abdomen
431 397 701 479 nigrum,
745 394 942 455 rarius
991 395 1261 469 fuscum,
1309 416 1554 477 semper
1595 407 1803 456 autem

56 509 371 578 segmento
401 503 429 559 1
460 493 760 576 margine,
807 496 1177 578 plerumque
1200 494 1405 555 medio
1431 494 1800 578 interruptO,

56 615 161 654 seu
202 594 449 676 punctis
481 592 720 652 duobus
758 593 1228 675 marginalibuS,
1276 593 1451 654 albis,

184 694 387 752 Unum
415 689 821 763 individuum,
865 692 1386 772 norimbergense‚
1429 692 1654 753 Sturm
1678 714 1808 755 me-

56 813 196 852 cum
253 787 762 860 communicavit,
822 791 1123 873 quaedam
1169 794 1464 854 silesiaca
1506 793 1808 874 Manger,

51 890 516 974 pedemontana
560 887 826 950 Bonelli.

702 1072 1165 1155 Synonyma:

55 1184 233 1247 Ichn.
266 1182 688 1248 albolineatus
712 1185 1024 1246 Gravenh.
1054 1187 1297 1247 Pedem.
1326 1210 1384 1248 n.
1417 1193 1517 1252 67.

55 1284 234 1347 Ichn.
264 1290 406 1365 nigt
410 1291 659 1346 atorias
692 1286 925 1347 Panzer
955 1285 1030 1345 ad
1054 1285 1316 1348 Schaeff.
1349 1289 1517 1349 Icon.
1555 1286 1679 1347 tab.
1707 1294 1809 1361 20,

408 1385 508 1466 fig.
544 1391 640 1448 11.
693 1384 718 1443 Ρ

476 1568 708 1628 Nota:

184 1677 670 1740 Ichneumonem
715 1677 1239 1740 Schaefferianum
1286 1679 1621 1761 allegatum
1660 1681 1814 1740 Pan-

57 1800 163 1839 zer
218 1778 514 1838 describit
574 1778 932 1841 abdominis
984 1793 1300 1860 segmento
1357 1780 1629 1842 secundo
1679 1779 1815 1841 basi

60 1877 243 1947 albo;
298 1879 405 1938 sed
459 1879 691 1938 lineola
736 1879 1164 1939 transversalis
1222 1879 1388 1951 alba,
1446 1901 1629 1960 quam
1674 1879 1816 1938 icon

60 1977 340 2047 exhibet,
402 1977 611 2059 potius
658 1978 996 2059 marginem
1046 1977 1345 2058 segmenti
1392 1978 1575 2058 primi
1631 1999 1816 2060 quam

58 2077 237 2137 basin
263 2076 514 2135 secundi
543 2095 848 2156 occupare
874 2076 1136 2135 videtur.
1167 2113 1251 2122 -
1285 2077 1610 2136 Caeterum
1635 2076 1814 2136 Ichn.

59 2179 454 2256 nigratorius
495 2175 951 2255 pontoppidani
997 2175 1254 2245 Miilleri
1296 2188 1359 2236 et
1390 2174 1660 2234 Fabricii
1703 2194 1818 2234 nec

62 2275 139 2334 ad
173 2274 331 2333 hanc
367 2273 637 2353 speciem
676 2274 979 2355 quadrant
1016 2297 1128 2336 nec
1164 2275 1327 2335 inter
1355 2297 1420 2335 se
1446 2284 1816 2356 congruunt,

64 2373 174 2436 sed
207 2373 282 2433 ad
322 2372 558 2456 species
595 2370 865 2434 diversas
903 2370 1224 2453 redigendi
1258 2385 1419 2435 sunt.

607 2648 725 2698 181.
797 2637 839 2691 Ι.
878 2638 1292 2693 CRETATUS.
1358 2662 1381 2687 τ

402 2779 588 2843 Facie,
629 2778 774 2831 linea
810 2789 932 2833 ante
971 2779 1108 2846 alas,
1147 2778 1362 2834 scutelli
1399 2780 1642 2852 margine
1679 2778 1822 2832 late-

401 2862 530 2926 rali,
572 2861 884 2933 maculaque
912 2864 1105 2936 apicali
1130 2866 1393 2934 segmenti
1418 2864 1613 2936 primi,
1654 2862 1820 2927 albis3

402 2947 634 3018 pedibus
675 2949 1035 3002 anterioribus
1073 2947 1332 3018 tibiisque
1367 2949 1594 3020 posticis
1632 2948 1820 3001 subtus

405 3029 558 3085 albis.
631 3050 704 3084 m.

195 3173 476 3235 Statura
525 3185 590 3234 et
637 3174 965 3258 proportio
1017 3174 1288 3259 partium
1342 3175 1598 3237 omnino
1642 3171 1821 3237 Ichn.

69 3278 380 3347 oratorii,
424 3296 482 3334 n.
519 3274 659 3338 153.
706 3295 787 3334 m.

1252 3369 1379 3435 29⁴<
