1934 3690
127 173 206 230 84
599 164 603 168 ’
722 186 849 226 vm.
900 185 1271 228 ABDOMEN.

124 324 352 383 domen
372 320 691 406 plerisque
715 331 808 380 est
838 319 938 381 vel
962 320 1391 403 cylindricum,
1437 323 1538 384 vel
1565 324 1884 407 elongato-

127 435 378 485 ovatum
416 436 522 482 aut
547 419 886 491 susiforme‚
932 421 1034 481 vel
1061 422 1202 503 plus
1227 423 1429 482 minus
1457 444 1882 506 compressum

128 524 306 607 apice
349 523 717 606 plerumque
758 530 1076 592 truncato,
1133 521 1272 582 aliis
1321 523 1722 583 subconicum
1774 546 1881 584 seu

131 623 371 707 apicem
399 642 605 682 versus
642 618 866 677 sensim
899 633 1314 701 angustatum,
1364 635 1469 681 aut
1503 622 1882 705 depressum,

126 723 338 805 paucis
364 722 596 781 lineare
629 728 735 776 aut
757 717 1469 800 depresso-orbiculare.
1560 721 1885 781 Relatione

128 823 204 881 ad
249 817 757 902 conjunctionem
795 838 935 877 cum
973 818 1256 893 thorace,
1314 822 1617 881 abdomen
1649 833 1743 879 est
1780 820 1881 880 vel

129 921 372 991 sessile,
420 917 520 1001 vel
557 914 892 975 subsessile
929 929 1036 976 aut
1072 919 1588 1003 subpetiolatum‚
1636 919 1736 980 vel
1772 939 1883 1002 pe-

125 1020 442 1088 tiolatum,
500 1014 577 1075 de
623 1034 748 1096 quo
796 1013 1080 1077 conferre
1125 1018 1280 1079 velis
1326 1041 1483 1102 quae
1528 1017 1715 1090 infra,
1777 1017 1883 1078 ubi

125 1119 201 1179 de
238 1127 553 1198 segmento
591 1113 796 1197 primo
843 1128 1084 1197 agetur,
1143 1117 1472 1199 proferam.
1564 1118 1886 1178 Abdomen

125 1215 452 1299 segmentis
480 1226 717 1297 septem
747 1226 852 1274 aut
877 1228 1021 1275 octo
1047 1218 1466 1298 compositum
1493 1228 1614 1287 est·,
1660 1229 1883 1277 octavo

126 1315 360 1397 spuri0‚
406 1315 549 1398 plus
587 1313 790 1374 minus
825 1315 1221 1387 absconditO,
1272 1338 1455 1399 saepe
1491 1316 1676 1399 plane
1704 1316 1887 1376 obso-

121 1415 271 1474 let0.
363 1414 734 1494 Segmenta‚
794 1413 993 1474 forma
1026 1427 1089 1474 et
1125 1416 1579 1497 magnitudine,
1626 1434 1887 1497 respon-

121 1515 270 1573 dent
301 1513 536 1575 formae
569 1527 633 1575 et
668 1513 1079 1597 magnitudini
1117 1514 1463 1575 abdominis
1492 1514 1717 1599 ipsius;
1762 1512 1885 1574 hoc

124 1635 348 1696 nempe
387 1614 676 1676 breviore
712 1627 775 1675 et
808 1614 1061 1686 latiore,
1123 1613 1231 1672 illa
1267 1636 1517 1697 quoque
1552 1615 1676 1674 lata
1712 1625 1884 1684 sunt3

121 1713 449 1774 abdomine
495 1713 780 1797 longiore
828 1725 890 1773 et
945 1711 1302 1794 graciliore,
1374 1726 1687 1796 segmenta
1742 1724 1885 1772 sunt

120 1812 451 1873 latitudine
507 1813 791 1895 longiora
848 1824 913 1872 et
956 1812 1325 1894 cylindrica,
1384 1834 1492 1872 seu
1550 1813 1885 1874 latitudine

124 1911 564 1993 longitudinis,
614 1913 653 1973 i.
693 1935 743 1974 e.
775 1913 1099 1995 quadrata,
1147 1910 1475 1970 abdomine
1500 1925 1702 1982 ovatO,
1751 1933 1886 1993 seg-

121 2024 329 2070 menta
363 2012 672 2072 anteriora
711 2012 952 2095 apicem
987 2033 1200 2072 versus
1254 2010 1481 2071 sensim
1526 2010 1883 2082 dilatantur,

120 2111 467 2192 posteriora
494 2125 701 2172 autem
727 2111 968 2194 apicem
1004 2132 1216 2172 versus
1251 2122 1636 2171 coercentur.
1730 2111 1888 2188 Qui-

122 2209 378 2268 busdam
411 2210 660 2270 feminis
703 2234 860 2294 apex
899 2211 1248 2271 abdominis
1288 2211 1634 2293 appendice
1669 2210 1886 2270 biarti-

122 2309 344 2379 culata,
373 2330 480 2368 seu
508 2311 839 2391 segmentis
865 2312 1108 2372 duobus
1136 2309 1496 2370 accessoriis
1525 2310 1632 2389 (de
1658 2309 1883 2392 quibus

123 2407 404 2467 conseras
440 2430 596 2488 quae
625 2409 690 2467 in
724 2409 786 2483 ἓ.
830 2418 867 2472 9
894 2411 969 2470 de
1005 2409 1383 2491 genitalibus
1420 2409 1688 2468 feminae
1713 2430 1884 2468 com-

118 2507 547 2586 memorabo),
607 2519 821 2566 auctus
869 2521 979 2568 est.
1073 2509 1264 2566 Prout
1315 2521 1520 2567 autem
1570 2520 1883 2589 segmenta

121 2605 341 2664 ultima
379 2605 717 2686 perfectius
746 2617 851 2663 aut
875 2604 1302 2687 imperfectius
1328 2606 1559 2677 efficta,
1608 2628 1714 2666 seu
1740 2607 1881 2688 plus

119 2704 400 2763 minusve
425 2703 801 2774 abscondita,
843 2715 1001 2775 sunt,
1037 2717 1319 2767 auctores
1349 2727 1597 2790 quoque
1623 2727 1882 2766 numero

119 2824 336 2862 eorum
384 2801 658 2861 indicato
690 2801 1020 2862 differunt:
1077 2804 1426 2865 Secundum
1463 2804 1883 2880 Audouvinium

118 2902 423 2962 abdomen
458 2900 1052 2983 hymenopterorum
1104 2924 1137 2963 e
1180 2904 1512 2985 segmentis
1550 2916 1695 2964 octo
1732 2925 1882 2964 con-

115 3001 330 3060 flatum
365 3013 487 3071 est,
535 3012 716 3082 putat
753 3000 946 3072 enim,
994 3015 1239 3083 praeter
1275 3015 1586 3084 segmenta
1623 3016 1881 3085 septem,

115 3101 305 3182 vulgo
346 3114 628 3183 accepta,
677 3101 946 3183 primum
987 3123 1231 3183 semper
1270 3102 1488 3164 intime
1523 3125 1663 3162 cum
1690 3115 1884 3163 meta-

113 3199 369 3261 thorace
406 3214 741 3260 connatum
777 3222 941 3272 esse,
1001 3200 1298 3284 ideoque,
1348 3203 1397 3261 si
1439 3203 1744 3262 abdomen
1772 3223 1883 3284 pe·-

110 3299 403 3361 tiolatum
435 3299 530 3372 sit,
580 3298 743 3360 haud
772 3311 1155 3382 segmentum
1184 3300 1482 3383 primum,
1530 3300 1635 3363 sed
1663 3322 1882 3362 secun-
