1934 3690
586 169 748 211 FAM.
798 156 852 221 Ι,
900 169 1080 209 sacr.
1135 168 1260 208 vm.
1669 150 1790 213 521

61 303 359 377 Gmelini,
387 303 638 377 Christi,
664 303 788 365 huc
814 303 1028 366 referri
1055 300 1269 386 possit,
1295 299 1519 361 dubius
1548 299 1792 376 haereO,

62 424 202 464 nam
249 404 585 465 secundum
631 403 815 464 verba
863 400 1120 463 Linnaei
1178 403 1534 484 culpatorio
1576 398 1797 461 thorax

58 502 402 563 maculatus
452 514 562 565 est.
655 500 952 563 Conferas
1001 520 1338 582 synonyma
1386 497 1462 558 ad
1506 496 1798 559 seminam

58 601 236 662 Ichn.
266 604 614 672 luctatorii,
647 623 704 660 n.
742 605 880 662 162.
941 597 1277 659 Schaefferi
1305 599 1475 658 Icon.
1502 597 1626 657 tab.
1658 603 1795 668 103,

62 699 163 780 fig.
192 705 248 770 4,
285 721 467 782 quam
493 701 722 758 Panzer
744 697 817 757 ad
841 697 1014 758 Ichn.
1043 700 1465 780 culpatorium
1494 695 1796 768 adhibuit,

62 796 187 858 huc
220 797 380 857 haud
410 796 626 857 referri
669 807 903 878 potest,
950 807 1079 855 tum
1124 796 1204 856 ob
1251 807 1453 855 totum
1500 793 1797 867 habitum,

63 907 197 957 tum
232 895 312 957 ob
351 895 732 977 singularum
767 894 1032 977 partium
1070 894 1326 955 sormam
1363 906 1425 954 et
1451 894 1802 978 proportio-

65 1015 234 1066 nem,
282 1015 396 1055 nec
431 1014 554 1053 non
589 993 669 1052 ob
708 993 933 1075 pedum
972 994 1266 1054 colorem.
1356 993 1562 1053 Multo
1597 992 1799 1054 minus

64 1104 268 1154 autem
290 1092 466 1155 Ichn.
500 1095 894 1175 culpatorius
931 1091 1201 1153 Schrank
1232 1091 1398 1152 Boic.
1445 1114 1500 1152 n.
1526 1099 1692 1156 2083
1727 1092 1802 1153 ad

65 1190 334 1274 speciem
387 1205 656 1252 nostram
704 1191 989 1274 quadrat3
1036 1190 1453 1272 magnitudine
1491 1203 1554 1252 et
1588 1191 1800 1251 colore

67 1288 252 1348 nimis
284 1289 521 1361 differt,
567 1289 902 1373 potiusque
938 1288 1012 1347 ad
1046 1289 1802 1367 Iclzneum.flavatorium

68 1388 379 1466 (nostrum
435 1392 714 1470 Trogum
751 1387 1213 1467 flavatorium)
1271 1401 1522 1470 spectat.
1620 1389 1800 1452 Ichn.

69 1489 465 1570 culpatorius
505 1487 750 1547 Thunb.
802 1486 972 1548 Ichn.
1023 1511 1079 1548 n.
1134 1490 1242 1559 59,
1290 1487 1615 1549 abdomine
1660 1487 1801 1548 ruso

69 1585 246 1667 apice
296 1586 499 1668 nigro,
547 1587 805 1668 pedibus
851 1588 1021 1658 rus15‚
1071 1609 1102 1646 a
1138 1588 1328 1646 nostri
1369 1586 1802 1648 Ichneumonis

66 1683 296 1743 semina
329 1685 578 1744 differre
617 1685 880 1745 videtur.
970 1684 1147 1745 Ichn.
1189 1688 1579 1768 culpatorius
1616 1687 1798 1749 Mull.

66 1782 273 1866 prodr.
325 1806 381 1842 n.
426 1786 613 1853 1775,
661 1806 845 1866 quem
886 1783 1009 1864 jam
1056 1784 1129 1843 ad
1175 1786 1349 1845 Ichn.
1397 1785 1803 1866 nigripedem,

69 1903 128 1940 n.
165 1889 312 1952 193,
361 1880 643 1954 adhibui,
688 1884 894 1943 forsan
931 1883 1002 1941 ad
1040 1883 1229 1942 nostri
1257 1884 1429 1944 Iclzn.
1461 1887 1805 1967 culpatorii

67 1981 251 2041 maris
290 1980 644 2040 varietatem
673 1989 710 2044 3
749 1982 963 2042 referri
1001 1995 1225 2064 posset.
1314 1982 1488 2043 Ichn.
1516 1997 1805 2045 extenso-

69 2083 202 2139 rius
223 2079 419 2139 Strom
442 2079 505 2138 in
532 2080 759 2140 Trond.
790 2081 979 2141 Selsk.
1015 2082 1141 2141 Skr.
1173 2082 1292 2151 ΙΙΙ,
1342 2102 1400 2163 p.
1429 2088 1580 2154 418,
1629 2107 1686 2144 n.
1716 2088 1799 2147 42

70 2177 376 2255 (translat.
405 2178 748 2259 germanica
784 2199 918 2260 pag.
951 2183 1105 2257 376)
1147 2179 1208 2238 in
1239 2179 1513 2262 diagnosi
1551 2180 1802 2263 quidem

71 2277 438 2357 »segmentis
491 2276 724 2336 ultimis
768 2278 942 2359 apice
985 2277 1240 2336 albidis«
1298 2278 1677 2361 designatur,
1737 2283 1801 2343 in

68 2375 489 2457 descriptione
527 2376 669 2435 satis
701 2377 892 2436 effusa
929 2389 1131 2436 autem
1159 2376 1343 2460 hujus
1371 2379 1598 2439 coloris
1626 2381 1798 2440 nulla

68 2475 140 2535 fit
172 2474 435 2544 mentio;
484 2475 623 2535 inde
671 2475 892 2535 dubius
931 2496 1093 2547 sum,
1141 2500 1285 2537 num
1335 2476 1499 2547 hunc
1551 2479 1799 2540 Stromii

68 2571 548 2634 Ichneumonem
604 2574 678 2634 ad
722 2580 1145 2637 extensorium
1191 2599 1335 2636 num
1393 2577 1469 2637 ad
1515 2581 1801 2662 culpato-

70 2678 231 2734 rium
269 2671 609 2733 adhibeam.
