1934 3690
585 172 748 212 FAM.
800 159 851 223 Ι,
900 171 1087 212 sacr.
1138 173 1190 212 v.
1635 162 1755 219 271

17 314 214 396 nigro,
302 309 634 375 Abdomen
681 306 1011 390 segmentis
1059 315 1102 372 2
1145 319 1210 371 et
1256 315 1296 372 3
1333 308 1508 381 ruffi,
1558 317 1596 373 3
1628 309 1761 370 basi

18 433 251 472 summa
279 410 650 492 nigricante,
695 409 733 470 5
757 408 994 468 macula
1020 406 1412 468 transversali
1438 407 1760 490 marginali

17 511 183 582 alba,
233 516 270 572 6
299 522 361 570 et
381 516 421 571 7
442 509 625 569 dorso
656 505 820 568 albo.
867 542 952 553 —-
996 507 1255 572 Caetera
1289 506 1450 569 sicut
1473 507 1538 567 in
1563 507 1762 590 pluri-

17 609 132 669 mis
170 607 416 668 seminis
457 605 760 690 genuinis

143 707 426 769 Feminas
467 707 617 768 duas
664 727 705 769 a
741 704 967 767 Steven
1002 726 1035 767 e
1071 708 1318 768 Tauria
1363 703 1517 766 mihi
1565 716 1762 768 trans-

16 820 207 868 misit.

476 987 903 1070 Synonyma
949 988 1303 1071 genuina:

14 1101 190 1164 Ichn.
216 1106 614 1163 extensorius
637 1101 949 1163 Gravenh.
980 1102 1333 1163 Pedemont.
1364 1125 1422 1163 n.
1450 1109 1553 1167 29.

15 1200 194 1262 Ichn.
247 1206 620 1262 vexatorius
673 1214 737 1261 et
792 1205 1068 1264 lusorias
1132 1202 1444 1262 Gravenh.
1503 1199 1755 1262 UeberS.

364 1323 420 1360 n.
459 1308 623 1363 3733
665 1313 728 1360 et
765 1306 947 1365 3734.

17 1399 192 1462 [clm.
244 1405 643 1460 extensorius
690 1423 826 1461 mas
870 1398 1108 1482 Illigeri
1160 1397 1224 1458 in
1273 1411 1416 1459 nota
1452 1399 1527 1459 ad
1561 1398 1760 1460 Rossii

361 1498 553 1558 Faun.
592 1501 680 1570 II,
729 1521 789 1581 p.
824 1502 930 1571 57,
981 1524 1035 1559 n.
1069 1502 1211 1560 742.

99 1643 135 1670 ,,
224 1598 522 1680 Trentep.
561 1597 825 1663 inIside
864 1604 1054 1669 1826,
1101 1617 1162 1678 p.
1199 1603 1342 1668 227,
1390 1619 1448 1656 n.
1480 1600 1580 1659 44.

275 1780 699 1862 Synonyma
743 1779 976 1840 mixta
1022 1791 1086 1840 et
1129 1779 1512 1862 ambigua:

14 1892 172 1956 Ickn
224 1900 622 1956 extensorius
668 1894 846 1954 Linn.
889 1895 1100 1954 Fauna
1138 1917 1194 1952 n.
1242 1895 1422 1956 1581.
1471 1930 1555 1938 —-
1600 1893 1757 1973 Syst.

362 1994 514 2064 XII,
562 2015 697 2075 pag.
738 2001 889 2064 930,
940 2016 996 2052 n.
1036 1996 1093 2054 4.
1141 2027 1227 2039 —-
1270 1993 1533 2052 Pedibus
1575 1992 1761 2052 luteis

361 2115 394 2152 a
422 2105 634 2152 nostro
661 2091 898 2162 differt,
947 2091 1046 2150 cui
1074 2091 1250 2151 color
1283 2092 1507 2172 pedum
1546 2091 1762 2169 (tibia-

363 2192 532 2269 rum)
562 2190 724 2249 idem
750 2203 842 2248 est
869 2211 937 2248 ac
966 2190 1263 2271 segmenti
1290 2198 1331 2253 2
1356 2204 1418 2249 et
1444 2198 1509 2260 33
1556 2190 1763 2249 forsan

365 2287 440 2347 ad
463 2287 638 2348 Ichn.
663 2291 1094 2371 confusorium
1124 2301 1228 2348 aut
1258 2294 1763 2349 terminatorium

363 2386 763 2447 adhibendus.
839 2387 1110 2448 Linneus
1135 2388 1320 2448 etiam
1346 2387 1493 2447 duas
1524 2387 1762 2470 species

363 2486 712 2546 confudisse
767 2486 1038 2559 videtur,
1098 2487 1252 2548 dicit.
1301 2486 1465 2547 enim
1518 2487 1583 2546 in
1631 2486 1764 2546 dia-

359 2607 549 2667 gnose
599 2584 881 2645 »ultimis
930 2585 1258 2668 segmentis
1307 2585 1482 2668 apice
1535 2585 1757 2658 albis,«

360 2685 425 2744 in
462 2684 878 2767 descriptione
912 2697 1114 2745 autem
1163 2712 1191 2741 »
1214 2697 1530 2767 segmento
1570 2692 1610 2746 2
1636 2698 1698 2743 et
1724 2692 1762 2747 3

360 2784 734 2865 ferrugineO,
759 2783 1016 2866 reliquis
1042 2782 1473 2844 immaculatis,
1491 2783 1763 2842 ——Idem

362 2883 734 2943 monendum
763 2895 853 2943 est
881 2883 956 2945 de
972 2880 1589 2946 Ichneumonibusssss
1605 2894 1664 2942 et
1679 2889 1762 2944 23

359 2983 563 3042 Actor.
595 2983 767 3042 Suec.
796 2980 937 3042 anni
967 2988 1127 3045 1736
1165 3004 1226 3064 p.
1265 2988 1401 3044 126.

99 3123 134 3148 ,,
225 3078 464 3141 Stroem
502 3080 565 3139 in
599 3079 826 3141 Trond.
869 3080 1060 3140 Selsk.
1101 3081 1229 3142 Skr.
1273 3082 1393 3152 111,
1440 3100 1574 3162 pag.
1622 3082 1763 3150 418,

363 3202 420 3239 n.
452 3183 563 3249 42,
610 3190 673 3240 et
697 3177 761 3240 in
785 3179 1063 3238 translat.
1090 3199 1279 3261 germ.
1312 3199 1371 3260 p.
1401 3184 1542 3249 376,
1575 3200 1631 3236 n.
1665 3181 1762 3239 42.

362 3311 446 3322 -
489 3277 561 3336 In
585 3277 876 3361 diagnose
902 3276 1152 3361 quidem
1178 3275 1410 3338 dicitur
1448 3297 1764 3360 »segmen-
