1934 3690
604 160 765 204 rau.
815 147 868 211 Ι,
924 160 1110 204 sacr.
1162 164 1238 203 nx.
1669 151 1794 215 549

177 293 490 356 Nonnulla
526 292 840 357 individua
874 293 1038 357 circa
1077 296 1144 358 V
1142 300 1538 363 ratislam‘am
1577 321 1788 365 versus

48 392 233 453 finem
260 391 412 470 Maji
439 392 599 452 lecta
626 405 796 464 sunt;
841 393 961 453 alia
989 395 1305 477 quaedam,
1340 396 1501 459 circa
1531 398 1791 461 Hanno-

47 511 255 551 veram
299 491 542 574 Niesky
584 502 648 550 et
684 491 1003 566 Parisios,
1044 516 1161 559 nec
1193 495 1414 562 nonin
1447 497 1520 563 V
1513 496 1786 583 olhynia

48 600 110 652 et
145 592 428 663 Tauria,
471 599 681 675 capta,
726 590 961 677 accepi.

680 814 1155 878 varietates:

172 934 224 990 1.
271 927 632 1006 Segmentis
685 933 725 989 2
757 940 818 990 et
852 936 891 992 3
929 933 1253 1003 testaceis,
1308 938 1348 995 3
1385 937 1668 1016 margine
1697 940 1789 999 ηἰ-

37 1045 173 1107 gro,
220 1060 303 1069 -
348 1024 572 1086 Tibiae
616 1024 953 1090 anteriores
1001 1042 1173 1092 extra
1222 1028 1459 1106 fuscae,
1513 1034 1790 1118 posticae

38 1137 206 1185 totae
245 1122 470 1185 fuscae.
506 1159 593 1171 -—-
630 1124 887 1186 Caetera
924 1125 1084 1188 sicut
1121 1130 1181 1188 in
1219 1131 1426 1212 specie
1460 1132 1743 1213 genuina.

164 1223 424 1284 Unicam
496 1221 787 1286 feminam
853 1224 1085 1290 Fehler
1145 1248 1342 1315 prope
1412 1230 1788 1316 Gottingam

38 1334 228 1406 ceplt.

162 1526 220 1582 2.
267 1518 604 1599 Segmento
651 1526 693 1583 2
742 1520 879 1582 solo
925 1532 1240 1583 castaneo.
1284 1557 1371 1572 --
1415 1525 1640 1590 Τίὂίαε
1681 1529 1784 1591 vel

37 1617 237 1688 rufae,
309 1616 647 1677 anteriores
694 1616 854 1676 intra
901 1617 1137 1691 fulvae,
1203 1623 1303 1682 vel
1360 1622 1568 1687 fuscae
1622 1626 1784 1689 intra

36 1717 227 1778 rufae.
319 1713 648 1777 Abdomen
673 1714 931 1796 nigrum,
970 1733 1285 1798 segmento
1305 1729 1345 1784 2
1369 1736 1655 1786 castaneo
1678 1739 1785 1788 aut

33 1816 236 1876 badio,
278 1849 363 1858 —
400 1814 660 1873 Caetera
696 1812 857 1873 sicut
895 1814 959 1874 in
999 1815 1229 1878 femina
1264 1820 1548 1900 genuina.

159 1916 362 1974 Unum
397 1912 783 1974 individuum
810 1913 981 1995 cepit
1008 1916 1356 1979 Reusmann
1382 1940 1578 2002 prope
1604 1921 1783 1983 Han-

33 2036 361 2081 noveram;
435 2011 698 2071 alterum
742 2012 1299 2092 pedemontanam,
1366 2016 1554 2099 idque
1598 2021 1784 2081 mini-

32 2136 217 2183 mum,
264 2110 716 2191 longitudine5
742 2110 1061 2183 linearum,
1110 2113 1280 2174 tibiis
1305 2116 1471 2187 rufis,
1514 2119 1783 2183 anterio-

34 2211 205 2273 ribus
244 2209 402 2271 intra
448 2206 652 2280 fulvis»,
700 2209 949 2272 Bonelli
981 2209 1133 2271 mihi
1171 2214 1529 2278 transmisit.

156 2416 212 2471 3.
258 2408 569 2468 Antennis
605 2405 1029 2469 tricoloribus.
1076 2442 1162 2456 --
1193 2411 1526 2475 Antennae
1556 2413 1784 2476 articu-

30 2507 106 2567 lis
150 2515 179 2569 1
219 2518 281 2565 et
315 2513 355 2568 2
393 2505 608 2586 nigriS,
657 2512 838 2568 3—7
872 2508 1036 2578 rufis,
1086 2513 1314 2574 8—13
1349 2511 1784 2577 tribuslateri-

28 2604 143 2667 bus
193 2603 376 2675 albis,
447 2603 847 2688 sequentibus
916 2605 1126 2688 nigris,
1180 2642 1268 2655 --
1325 2610 1585 2676 Caetera
1640 2635 1782 2677 cum

32 2701 256 2764 femina
305 2703 568 2783 genuina
605 2704 1001 2765 conveniunt.

155 2803 286 2865 Hoc
327 2800 714 2863 individuum
751 2823 947 2888 prope
982 2803 1453 2873 Helmstadium
1487 2809 1648 2894 cepi.

671 3029 708 3089 S
721 3052 762 3113 y
777 3053 816 3091 n
830 3051 868 3091 ο
883 3054 921 3092 n
939 3054 977 3114 y
992 3055 1053 3092 m
1069 3053 1099 3093 a
1122 3059 1135 3093 ι

29 3153 203 3215 ΙεΙιη.
230 3155 526 3236 culpator
549 3153 818 3217 Schrank
842 3157 1046 3231 Boica,
1084 3180 1141 3221 n.
1170 3165 1369 3230 2077;
1416 3157 1580 3220 circa
1607 3159 1779 3221 Gern

375 3252 745 3336 steingaden
779 3267 843 3319 et
866 3257 1230 3342 Ingolstadt,
1254 3279 1464 3320 mense
1489 3257 1776 3342 Augusti.
